2963 4856
373 233 1063 318 ANTIQUARII
1135 230 1986 299 COLLECTANEA.
2355 242 2446 319 95

872 375 972 434 Ex
1005 373 1139 434 vita
1172 373 1469 449 Qtintini.

233 465 488 526 Summa
527 459 634 525 flu.

828 550 928 608 Ex
954 549 1093 608 vita
1123 550 1186 609 S.
1215 548 1500 610 Martini.

233 634 537 700 Martinus
562 631 811 698 conviva
846 635 1099 696 Maximi
1130 636 1383 716 tyranni.

222 722 544 786 ‘Postremo
585 744 729 785 cum
761 724 1066 784 Maximus
1095 717 1151 784 se
1180 742 1298 784 non
1323 716 1531 803 sponte
1556 717 1848 805 sumpliss‘e
1877 722 2206 805 imperiumv

149 808 494 886 affirmaret,
541 807 637 872 sed
668 809 1004 891 impositam
1031 808 1143 872 fibi
1172 808 1204 870 ὲ
1243 810 1536 871 militibus
1585 810 1790 872 divino
1834 828 1985 872 nutu
2030 813 2200 894 regni
2253 810 2256 815 ’

152 896 546 963 neceffitatem
599 897 778 960 armis
836 897 1177 973 defendisse,
1245 899 1545 960 Martinus
1603 897 1882 980 praedixit
1942 915 2201 960 mortem

151 986 430 1051 Maximo
453 1001 568 1068 tyr.

332 1108 341 1121 ι
616 1077 714 1136 Ex
716 1070 966 1155 stcundo
992 1069 1212 1156 dialogo
1235 1071 1393 1153 Sulp.
1428 1073 1658 1134 Severi.

236 1178 414 1240 Uxor
445 1177 701 1238 Maximi
726 1191 842 1258 tyr.
888 1173 1190 1256 impendio
1210 1170 1444 1237 favebat
1475 1176 1761 1238 Martin0.

235 1265 554 1326 Maximus
594 1264 917 1345 imperator
966 1262 1243 1343 rempub.
1288 1264 1682 1345 gubernabat,
1730 1261 1821 1324 vir
1860 1262 2026 1324 omni
2056 1262 2195 1325 vita:

148 1353 366 1414 merito
416 1351 846 1432 praedicandus,
881 1348 938 1412 fi
977 1350 1032 1413 ei
1072 1348 1166 1410 vel
1208 1349 1479 1413 diadema
1526 1371 1644 1412 non
1677 1349 1938 1432 legitime
1969 1350 2194 1413 tumul-

151 1455 361 1501 tuante
407 1438 596 1500 milite
614 1437 979 1535 impositum
1001 1435 1332 1519 repudiare,
1380 1443 1473 1501 vel
1504 1437 1685 1501 armis
1716 1438 1986 1501 civilibus
2018 1436 2195 1499 absti-

150 1546 293 1590 nere
320 1524 589 1590 licuiss'et.

915 1638 1015 1698 Ex
1046 1644 1136 1715 30.
1166 1631 1406 1718 dialogo.

240 1736 550 1798 Maximus
581 1732 924 1816 imperator,
969 1734 1110 1796 alias
1139 1731 1269 1797 sane
1310 1736 1524 1809 bonus,
1571 1733 1922 1816 depravatus
1950 1734 2195 1798 consilio

150 1819 546 1887 sacerdotum.
638 1821 983 1905 aIntellegit
1024 1820 1329 1885 ArrianOS.

240 1909 630 1975 Abbreviatio
650 1909 894 1972 Alcuini
926 1910 1001 1971 de
1023 1910 1346 1971 virtutibus
1369 1913 1430 1972 S.
1463 1907 1728 1983 Martini,
1775 1930 1913 1991 quae
1946 1908 2022 1973 fic
2046 1909 2192 1973 inci-

157 1998 285 2080 pit:
350 1999 651 2082 Postquam
691 1993 945 2061 dominus
991 1997 1173 2076 noster
1211 1997 1378 2078 Jcsus
1422 1997 1674 2077 Christus
1705 1995 2093 2079 triumphator
2117 1997 2203 2061 ad

153 2086 284 2150 alta
305 2086 569 2159 coelorum
596 2084 868 2163 ascendit.

551 2208 652 2267 Ex
680 2203 955 2288 Gregorio
984 2193 1220 2266 Turorz‘?
1254 2202 1322 2267 de
1350 2205 1489 2266 vita
1519 2198 1803 2267 Ma'rtin'i.

240 2313 528 2376 Paulinus
544 2311 851 2396 episcopus
869 2311 1051 2376 vitam
1067 2316 1125 2374 S.
1145 2313 1394 2376 Martini
1419 2311 1584 2396 prosa
1597 2317 1658 2376 8c
1671 2316 1930 2376 carmine
1949 2311 2137 2399 scripsi
2145 2331 2191 2380 t.

242 2399 416 2464 Libri
439 2417 700 2485 quatuor
712 2401 788 2465 de
802 2402 920 2463 vita
957 2405 1018 2464 S.
1033 2402 1275 2464 Martini
1295 2401 1329 2463 a
1341 2404 1671 2466 Fortunato
1688 2401 1950 2466 versibus
1970 2400 2183 2487 scripti.

241 2490 594 2553 Methodius
658 2492 735 2553 L.
798 2488 1031 2553 Nicolai
1102 2488 1289 2553 vitam
1357 2488 1604 2574 scripsit,
1671 2511 1859 2574 quam
1925 2494 2182 2568 joannes

187 2594 421 2644 Barrenfis
442 2594 594 2645 eccles
598 2612 654 2647 ae

159 2664 448 2725 diaconus
492 2664 557 2726 in
603 2665 880 2728 Latinam
909 2664 1175 2750 linguam
1204 2662 1520 2741 transtulit,
1564 2665 1622 2727 &
1665 2665 1919 2749 plurima
1948 2664 2185 2729 addidit

156 2772 191 2811 a
218 2750 535 2814 Methodio
554 2750 796 2816 intafita.

153 2862 255 2921 Ex
284 2860 424 2922 vita
448 2863 711 2941 Joannis‚
743 2860 1002 2938 Andr-ece,
1036 2862 1094 2929 ὁ
1118 2857 1352 2937 wama»,
1383 2875 1588 2925 autore
1611 2860 1908 2924 Mellitone
1928 2863 2066 2943 episc
2069 2867 2186 2943 opo.

239 2963 509 3028 Leucius
534 2963 757 3048 scriplit
779 2967 967 3031 vitam
992 2969 1239 3046 Joannis
1265 2987 1476 3052 evang.
1507 2965 1778 3042 Andreae,
1809 2967 1866 3027 ἃ
1899 2967 2186 3029 shomae.

237 3051 386 3114 Vita
407 3057 468 3117 S.
492 3056 714 3131 Mauri,
761 3071 968 3119 autore
996 3053 1231 3120 Faust0.
1965 3089 1998 3097 ··

238 3142 385 3202 Vita
406 3140 658 3205 Silvestri
689 3163 853 3226 papae
880 3164 958 3207 ex
985 3140 1247 3207 Eusebio
1275 3144 1567 3208 transsata.

245 3225 510 3309 Epistola
540 3230 780 3293 Helenae
799 3231 876 3295 ad
902 3229 1379 3295 Constantinum.

243 3312 627 3467 Dohsemper
669 3322 831 3404 Aug.
876 3318 1005 3383 filio
1048 3317 1438 3383 Constantino
1476 3331 1667 3386 mater
1713 3316 1936 3381 Helena
1963 3312 2187 3399 semper

152 3404 346 3485 Augu
395 3425 429 3466 a

241 3489 567 3555 Veritatem
615 3489 885 3575 sapientis
927 3495 1156 3558 animus
1202 3514 1328 3557 non
1377 3490 1621 3570 recusat,
1685 3513 1793 3556 nec
1843 3491 1993 3562 fides
2022 3491 2182 3556 reeta
2203 3526 2280 3573 Pn
2286 3528 2390 3589 „dp
2411 3544 2494 3575 um

149 3577 479 3662 aliquando
498 3577 723 3665 patitur
738 3602 1160 3666 quamcunque
1171 3582 1491 3662 jaeturam.
2121 3597 2128 3604 ‘
2201 3608 2276 3656 ep1
2261 3591 2346 3639 iost
2349 3592 2430 3645 lae.

762 3688 864 3747 Ex
892 3688 1029 3748 vita
1056 3690 1119 3749 S.
1151 3683 1581 3769 Wandragefli.
1681 3703 1688 3708 ·
2207 3722 2303 3785 Pag
2312 3737 2461 3768 11111

243 3787 324 3847 Et
353 3787 418 3849 S.
448 3782 825 3852 Anachorita
835 3788 893 3852 ὅτ
931 3789 1235 3874 presbyter
1283 3791 1607 3886 Condedus
1652 3789 1954 3852 Britannia
1999 3785 2188 3849 infula

152 3886 344 3936 ortuS.

149 3982 255 4041 Ex
274 3980 614 4045 Memoriale
634 3982 994 4064 historiarum
1012 3982 1234 4047 Claudii
1244 3981 1444 4068 prcfly
1453 3987 1588 4062 teri,
1610 3995 1679 4047 ut
1697 3969 1984 4057 arbitror,
2012 3982 2214 4054 Galli.

238 4081 355 4140 Hic
381 4083 649 4145 Brennus
668 4085 994 4160 maximam
1023 4083 1216 4167 postea
1245 4086 1575 4150 Galliarum
1605 4081 1836 4166 partem
1867 4082 2058 4150 tenuit
2077 4073 2186 4145 fibi

148 4161 500 4245 subjeekam,
545 4184 755 4254 utpote
785 4171 1139 4254 Allobrogas
1167 4172 1224 4235 δε
1253 4172 1635 4238 SenonenseS.

240 4254 453 4316 Lelius
485 4258 704 4334 Hanto‚
754 4259 917 4322 unde
948 4262 1266 4325 Hantonia.

233 4339 480 4407 Caesaris
514 4340 894 4431 sepulchrum
923 4367 1081 4412 nunc
1104 4368 1243 4411 acus
1276 4348 1334 4412 S.
1367 4347 1525 4413 Petri
1555 4345 1792 4413 dicitur.
2208 4370 2306 4433 ᾗ

1020 4471 1050 4502 a
1085 4454 1176 4505 Sic.
1877 4428 2188 4494 Godefrldl
