2963 4856
466 182 1146 272 ANTIQUARII
1210 134 2073 262 eoLnEcTANEA.
2315 196 2466 294 [15ss

227 333 411 399 Liber
439 333 658 398 Son-atii
674 330 897 398 medici
928 331 1011 399 ad
1040 332 1419 419 Cleopatram
1438 339 1707 423 reginam
1720 336 1799 409 de
1817 340 2195 411 mulieribus.

227 424 411 486 Liber
433 421 692 485 Secundi
726 419 1094 506 Philosophi.

230 512 566 593 Cyprianus
595 525 824 592 martyr
850 510 929 575 de
955 529 1125 575 eoena
1149 508 1429 597 nuptiali.

224 598 549 662 Gratianus
575 596 653 661 de
676 598 901 662 Urinis.

225 688 492 752 Artatus
521 685 602 750 de
623 683 918 751 Alkimia.

226 840 483 921 Eli-edus
511 854 694 920 abbas
721 856 797 922 de
819 851 1080 923 amicitia
1106 853 1422 942 spirituali.

161 1014 164 1017 ,
230 943 414 1009 Distu
439 945 706 1028 Aquilae.
879 978 886 989 ·
2215 963 2318 1041 u

225 1032 631 1117 ortographia
661 1031 839 1096 Alex.
870 1031 1165 1101 Necham.

228 1120 735 1204 Chronographia
762 1118 1098 1205 Nicephori
1125 1116 1389 1206 episcopi
1420 1119 1884 1212 Constantinop·
1904 1126 1982 1195 ad
1999 1127 2206 1199 Adam

155 1204 329 1292 usque
357 1207 434 1271 ad
465 1210 708 1273 Freder.
736 1206 952 1290 imper·

230 1295 562 1379 Pompeius
581 1297 660 1361 de
684 1296 1026 1362 accentibus
1057 1294 1233 1380 super
1259 1278 1594 1366 Donatum.

231 1382 492 1447 Historia
525 1384 603 1447 de
630 1384 763 1468 lege
792 1385 852 1446 8c
883 1401 1095 1448 natura
1119 1388 1577 1454 Saracenorum.

224 1471 365 1535 Odo
385 1472 562 1536 Prior
590 1471 666 1535 de
686 1471 959 1543 moribus
983 1473 1133 1539 eccl·

233 1561 515 1624 Donatus
539 1559 613 1623 de
633 1576 759 1624 arte
784 1562 1050 1626 metrica.

233 1647 592 1714 Marbodius
613 1649 691 1712 de
716 1650 1083 1717 ornamentis
1112 1650 1460 1716 verborum.
1554 1714 1557 1717 .

234 1815 346 1876 Ars
373 1813 634 1880 notoria.

236 1901 567 1967 TraEtatus
598 1901 850 1980 odonis,
895 1901 1130 1967 abbatis
1161 1901 1240 1965 de
1271 1896 1460 1977 Bello,
1496 1903 1573 1983 in
1601 1901 1784 1970 libros
1811 1923 2050 1990 regum·

233 1992 552 2054 Sermones
581 1990 765 2059 Alex:
784 1991 1051 2055 Necham
1074 1991 1133 2055 δι
1152 1990 1613 2056 concordantiae.

237 2077 565 2161 Allegoriae
593 2078 807 2143 Ifidori
832 2076 1006 2160 stupet
1036 2078 1339 2143 Genefim.

237 2165 550 2229 Pomerius
578 2165 655 2230 de
682 2165 805 2230 vita
832 2166 1028 2230 affiva
1053 2166 1112 2232 &
1127 2165 1612 2252 contemplativa.

237 2252 616 2317 Calliodorus
645 2253 725 2317 de
752 2254 1111 2340 eloquentia.

237 2340 493 2425 Regulae
522 2343 777 2406 Ciconii.

238 2430 411 2505 Joan:
447 2427 883 2496 Saresbirienfis
907 2430 985 2495 de
1013 2428 1169 2495 statu
1200 2432 1378 2494 curiae
1407 2434 1529 2495 Ro:

240 2516 661 2602 Expositiones
693 2518 928 2584 Rabani
955 2520 1219 2604 detagno
1243 2517 1522 2583 Paschali.

241 2604 605 2668 Athelardus
629 2606 705 2669 de
727 2606 983 2671 natural:
1013 2605 1205 2691 quest:
1238 2604 1568 2671 secundum
1589 2605 1903 2673 Arabicm.
2528 2659 2536 2666 .

242 2691 562 2756 Anselmus
592 2693 669 2758 de
691 2711 900 2758 monte
918 2694 1296 2762 humilitatis,
2226 2708 2338 2777 1²²8·
2367 2724 2480 2770 ιρι.

246 2781 548 2844 Chronica
571 2780 802 2859 Isidori,
849 2783 913 2846 id
944 2781 1047 2860 est,
1091 2779 1334 2848 floscula
1361 2782 1716 2848 bibliorum.

244 2923 576 2984 Branketre
595 2920 780 2984 villa
763 2942 827 2986 m
848 2917 1078 2987 Estsax.

243 3113 367 3177 ΜΓ.
394 3069 698 3180 Talebote
721 3032 1052 3212 madeliffis
1083 3044 1516 3182 aifftiota'tigiitin
1556 3114 1654 3177 the
1676 3110 1844 3177 front
1863 3111 1938 3178 of
1964 3111 2292 3177 Orofiusra
2267 3139 2341 3191 a.g
2367 3136 2479 3186 ⁸93·

165 3195 429 3279 historie,
458 3202 589 3266 that
610 3205 688 3266 he
717 3205 844 3267 lent
862 3226 984 3280 me,
988 3204 1324 3276 transsatid
1353 3221 1465 3267 out
1488 3200 1561 3266 of
1584 3201 1841 3267 Latine
1826 3223 1891 3267 1n
1923 3219 1987 3266 to
2010 3205 2215 3264 Saxon

168 3302 393 3371 tunge:
442 3293 579 3353 Rex
608 3290 913 3356 AElfredus
944 3293 1112 3357 Oros
1096 3316 1227 3366 um
1249 3295 1677 3376 interpretatus
1704 3291 1809 3372 est,
1837 3287 2219 3368 δεΒοὲῑίιιω,

163 3377 224 3440 8:
245 3377 477 3440 Bedam
507 3377 583 3440 de
602 3377 843 3441 historia
863 3375 1239 3443 ecelesiastica
1267 3384 1633 3463 Anglorum.

249 3464 509 3528 AElande
532 3485 611 3547 yn
637 3469 832 3529 Saxon
859 3488 938 3530 an
967 3467 1068 3532 isse
1091 3487 1228 3531 now
1258 3471 1321 3532 in
1346 3465 1650 3554 Englisch.

247 3553 443 3618 Flan
425 3573 490 3615 in
512 3557 710 3617 Saxon
737 3553 947 3639 sagitta
976 3558 1244 3622 Latine.
1305 3644 1309 3647 Α

253 3639 408 3722 Fer
391 3660 461 3704 m
491 3645 696 3706 Saxon
718 3643 807 3704 vir
826 3641 1067 3708 Latine.

248 3802 607 3888 AEtheling
592 3825 654 3868 ιιι
676 3809 881 3870 Saxon
900 3806 1101 3892 regius
1121 3807 1360 3890 juvenis
1385 3802 1623 3870 Latine.

255 3955 561 4021 Domeros
589 3979 669 4039 re
698 3956 837 4043 scop
865 3957 1250 4047 speotehcost.
1318 4030 1323 4035 ,

252 4043 477 4108 Cealde
504 4043 785 4131 frigiduS.

250 4207 452 4274 Haten
478 4209 592 4274 flu}

254 4297 489 4383 Hearge
511 4297 830 4382 templum.
1397 4351 1404 4354 ν
2040 4305 2047 4311 ’

345 4388 549 4454 Tou.
577 4388 695 4477 Ιῌ.
1302 4389 1415 4477 (ζ,
1726 4380 1744 4399 ’
2062 4386 2250 4481 Owre
