2963 4856
663 250 765 314 De
796 233 984 312 Rebas
1014 209 1356 329 Anglicanis
1399 237 1676 324 opuscula
1715 230 1939 314 Varia&

401 577 408 584 ,
473 511 476 516 ’
577 567 580 570 ,
615 434 734 555 His
771 484 1074 572 Majesty’s
1106 482 1351 566 Answer
1391 493 1454 545 to
1499 480 1600 546 the
1639 479 2031 571 Univefflty}

719 632 804 710 [
846 630 1026 692 From'
1077 624 1181 689 the
1225 622 1381 690 same
1411 621 1760 762 Colleffion.
1805 626 1843 702 ]

460 793 552 878 JA
568 816 603 860 c
626 816 665 859 o
687 815 727 860 Β
752 814 796 862 u
820 812 847 854 s
896 798 952 857 R
969 813 1008 855 E
1025 811 1100 858 x,

372 922 438 981 A
457 939 492 981 c
510 938 551 980 o
570 936 609 979 B
634 936 680 979 U
702 936 756 994 S,
800 914 917 977 Dei
941 885 1179 997 gratia,
1247 916 1489 997 Magnae
1535 914 1883 991 Britanniae,
1929 913 2213 995 Franciae‚
2272 929 2336 978 et

427 1006 728 1069 Hiberniae
754 1002 913 1079 Rex,
960 1003 1129 1066 Fidei
1159 999 1469 1075 Defensor,
1516 999 1631 1065 ἃς.
1677 1004 2018 1066 Academiae
2048 1002 2332 1070 Cantabr.
2409 1029 2412 1033 ⁴

287 1094 614 1166 communi,
660 1090 926 1154 salutem.
989 1092 1082 1152 Si
1122 1091 1224 1170 jus
1253 1089 1502 1153 civitatis
1544 1091 1820 1187 impetret
1851 1113 1884 1152 a
1915 1092 2086 1154 nobis
2112 1095 2334 1155 Cante-

287 1180 503 1264 brigia,
532 1180 834 1254 veremini,
872 1198 946 1241 ne
972 1180 1199 1240 aemulae
1225 1177 1392 1240 urbis
1417 1177 1681 1259 potentia
1706 1176 2014 1254 crescente,
2046 1180 2336 1243 miniatur

207 1342 212 1348 1
288 1268 604 1331 academiae
634 1263 930 1330 securitas.
1020 1269 1128 1327 Sat
1174 1267 1301 1327 erat
1344 1264 1508 1346 apud
1545 1283 1673 1339 nos»,
1721 1282 1916 1329 metus
1964 1265 2133 1330 vestri
2179 1267 2335 1331 indi

288 1359 448 1418 cium
472 1354 682 1430 fecisse,
713 1374 821 1416 nec
842 1353 1016 1420 enim
1029 1368 1150 1415 tam
1170 1353 1337 1415 vobis
1358 1355 1630 1414 convenit
1654 1353 1974 1417 academiae
2004 1353 2334 1437 periculum

289 1444 615 1526 deprecari,
661 1462 843 1524 quam
894 1440 1067 1503 nobis
1112 1439 1319 1524 sponte
1360 1438 1574 1517 nostra,
1623 1443 1915 1527 quicquid
1954 1445 2016 1507 in
2058 1438 2334 1525 speciem,

287 1531 382 1595 illi
411 1529 658 1594 noxium
690 1528 783 1605 fit,
830 1543 1112 1593 avertere.

378 1617 689 1681 Glorietur
737 1616 878 1679 urbs
930 1616 1050 1690 illa,
1097 1611 1155 1677 se
1190 1613 1226 1677 a
1276 1613 1599 1695 majoribus
1637 1614 1847 1680 nostris
1895 1616 2037 1679 olim
2081 1614 2332 1683 electam

291 1707 704 1792 doctrinarum
751 1701 965 1780 sedem,
1034 1704 1406 1786 ingeniorum
1454 1701 1770 1780 officinam,
1817 1701 2111 1787 sapientiae
2153 1703 2334 1788 palae·

294 1793 520 1864 stram:
567 1792 859 1875 quicquid
910 1791 1001 1852 his
1047 1787 1236 1852 titulis
1282 1790 1425 1852 addi
1471 1790 1684 1872 potest,
1748 1793 1944 1854 minus
1995 1791 2098 1857 est.
2189 1795 2336 1859 Non

293 1880 635 1944 honestatur
687 1878 916 1961 plebeia
953 1879 1209 1941 civitatis
1253 1876 1666 1960 appellatione,
1734 1877 2036 1942 musarum
2086 1880 2335 1943 domici-

293 1970 463 2072 lium,
508 1970 602 2033 vel
649 1964 783 2030 sane
810 1966 1182 2028 literatorum
1228 1968 1464 2029 dicatur
1506 1967 1734 2041 civitas,
1781 1967 1871 2029 vel
1903 1957 2117 2050 quod
2101 1988 2165 2030 m
2193 1968 2335 2033 villa

292 2058 535 2120 nomine
576 2054 695 2118 vile
738 2052 841 2129 est,
901 2054 1227 2116 incolarum
1272 2069 1512 2159 tegatur
1566 2055 1927 2118 celebritate.
2014 2058 2163 2119 Haec
2211 2057 2340 2158 eJ‘us
2388 2095 2393 2100 -

295 2144 413 2207 fint
441 2143 765 2228 privilegia,
812 2141 1165 2225 dignitatem
1188 2142 1508 2204 academiae
1530 2144 1778 2205 comiter
1805 2141 2132 2221 observare,
2161 2147 2336 2224 cujus

296 2230 653 2315 frequentia,
686 2228 842 2292 facia
863 2227 966 2304 est,
999 2221 1177 2314 seipsa
1200 2231 1431 2309 major;
1465 2226 1774 2293 affluentes
1796 2231 2095 2294 bonarum
2114 2234 2336 2295 artium

297 2314 587 2382 studiosos
632 2318 817 2382 amice
851 2318 1139 2399 excipere,
1184 2337 1445 2400 quorum
1481 2314 1774 2380 concursu
1803 2318 1987 2380 ditata
2033 2316 2338 2394 est31ite-

295 2427 503 2473 rarum
545 2406 801 2490 denique
831 2403 1050 2468 honori
1086 2404 1365 2483 ancillari,
1409 2406 1573 2468 unde
1614 2406 1742 2482 haec
1765 2405 1851 2468 illi
1883 2421 2016 2468 nata
2055 2404 2139 2469 est
2187 2404 2339 2469 faeli-

295 2499 465 2559 citas.
553 2498 667 2557 Hae
694 2510 845 2556 artes
866 2491 1091 2594 quibus
1114 2494 1301 2555 crevit
1330 2494 1614 2569 tenendae,
1662 2515 1782 2555 non
1810 2494 2162 2577 aucupanda
2192 2497 2338 2558 titu-

298 2583 502 2647 lorum
545 2583 794 2659 novita3‚
837 2581 1043 2644 incerti
1081 2594 1349 2643 eventuS.
1438 2581 1692 2645 Facessat
1733 2581 2030 2665 popularis
2061 2583 2341 2648 vocabuli

297 2668 503 2743 fastuS,
569 2669 728 2732 unde
771 2683 930 2730 certa
976 2668 1206 2730 oriatur
1252 2667 1643 2731 aemulationis
1695 2667 2023 2747 neceffitas,
2071 2691 2211 2754 quae
2265 2682 2340 2734 eo

301 2760 539 2839 turpior
567 2757 732 2818 urbi
744 2755 827 2819 est
853 2752 1079 2837 futura,
1124 2776 1252 2838 quo
1301 2756 1509 2837 majori
1535 2764 1674 2839 erga
1702 2757 2064 2820 academiam
2101 2756 2185 2819 est
2229 2759 2342 2822 ob-

245 2849 250 2852 ’
300 2844 536 2909 stricta
551 2843 898 2908 reverentia.
979 2843 1278 2907 Nolumus
1319 2841 1548 2908 sacrum
1583 2843 1734 2906 illud
1761 2843 2062 2909 musarum
2091 2843 2340 2926 asylum,

300 2933 523 2998 minaci
573 2932 836 3014 praetoris
887 2927 1022 2993 ense
1074 2933 1365 3006 temerari,
1414 2951 1524 2996 nec
1565 2929 1824 3014 strepere
1874 2949 2081 2996 tetnca
2123 2932 2342 3009 edicta,

297 3020 415 3084 ubi
441 3016 663 3103 septem
708 3019 980 3102 geminus
1006 3018 1179 3081 vestri
1205 3019 1371 3083 chori
1397 3019 1644 3082 auditur
1667 3036 2012 3084 concentus,
2076 3023 2229 3082 Satis
2255 3020 2346 3085 est

191 3154 198 3159 -
267 3109 368 3181 ,in
411 3110 608 3171 vetere'
645 3106 909 3189 purpura
948 3106 1226 3181 invidiae,
1275 3127 1429 3170 nova
1458 3127 1706 3191 pompa,
1746 3122 1866 3170 tam
1890 3108 1976 3170 illi
2023 3105 2228 3171 futura
2255 3107 2343 3172 est

254 3248 258 3251 ψ
302 3193 678 3277 supervacua,
724 3214 907 3276 quam
961 3195 1130 3258 vobis
1182 3191 1517 3278 suspeeta.
1516 3197 1624 3257 In
1674 3193 1869 3265 nostra
1916 3184 2105 3259 solius
2153 3196 2343 3259 tutela

299 3282 410 3358 est,
459 3281 588 3365 post
632 3285 832 3344 Deum
863 3296 989 3363 opt.
1038 3302 1198 3345 max.
1232 3283 1382 3345 alma
1428 3278 1802 3345 scientiarum
1845 3300 2076 3347 mater·
2139 3282 2344 3348 nostro

304 3367 607 3473 ῐονεδίιιιι·
649 3365 896 3452 sceptr0‚
943 3367 1217 3434 indefessa
1248 3372 1377 3451 ejus
1421 3367 1785 3434 foecunditas
1830 3358 1950 3434 non
1977 3372 2236 3435 abortiet
2265 3371 2346 3440 ad

307 3458 581 3541 proetorii
610 3455 786 3540 gladii
819 3457 1190 3521 terriculum.r
1280 3456 1533 3520 Nullum
1577 3459 1817 3521 honoris
1847 3457 2091 3523 titulum
2122 3462 2344 3523 Cante-

301 3546 517 3629 brigiae
563 3543 964 3628 indulgemuS,
1034 3546 1143 3629 qui
1194 3563 1337 3608 cum
1384 3545 1701 3609 academiae
1749 3543 2146 3609 sollicitudine
2200 3567 2348 3610 con-

299 3632 549 3716 junctus
578 3629 671 3693 fit.
762 3632 989 3695 Valete.
1078 3634 1223 3696 Dat'.
1279 3628 1314 3695 ὲ
1342 3632 1565 3716 palatio
1592 3631 1794 3695 nostro
1821 3633 2343 3712 Westmonasterii,

296 3724 550 3804 Qarto
592 3718 841 3782 Kalend.
892 3718 1115 3796 Martii,
1189 3727 1376 3787 Anno
1425 3723 1614 3798 Dom.
1659 3719 1979 3785 Millefimo
2027 3725 2346 3786 Sexcente·

198 3830 203 3835 ·
309 3805 466 3876 fimo
492 3808 743 3872 Decimo
772 3810 979 3876 Sexto.
1050 3807 1393 3877 concordat
1420 3827 1563 3876 cum
1593 3809 1901 3893 originali:
1945 3810 2030 3872 ita
2058 3807 2301 3890 Testor,

1481 3894 1626 3982 Joh.
1660 3899 1821 3964 Scot.
1855 3898 2070 3966 Notat.
2102 3898 2259 3964 Pub.
