<?xml version="1.0" encoding="UTF-8"?>
<!DOCTYPE html PUBLIC "-//W3C//DTD XHTML 1.0 Transitional//EN"
    "http://www.w3.org/TR/xhtml1/DTD/xhtml1-transitional.dtd">
<html xmlns="http://www.w3.org/1999/xhtml" xml:lang="en" lang="en">
 <head>
  <title>
</title>
<meta http-equiv="Content-Type" content="text/html;charset=utf-8" />
  <meta name='ocr-system' content='tesseract 3.04.00' />
  <meta name='ocr-capabilities' content='ocr_page ocr_carea ocr_par ocr_line ocrx_word'/>
</head>
<body>
  <div class='ocr_page' id='page_1' title='image "./joannislelandia19lelagoog_0046.png"; bbox 0 0 2963 4856; ppageno 0'>
   <div class='ocr_carea' id='block_1_1' title="bbox 466 153 2390 247">
    <p class='ocr_par' dir='ltr' id='par_1_1' title="bbox 466 153 2390 247">
     <span class='ocr_line' id='line_1_1' title="bbox 466 153 2390 247; baseline 0 -24"><span class='ocrx_word' id='word_1_1' title='bbox 466 163 555 247; x_wconf 56' lang='lat'><strong>45</strong></span> <span class='ocrx_word' id='word_1_2' title='bbox 938 155 1646 241; x_wconf 13' lang='lat' dir='ltr'><strong>-JoANANts</strong></span> <span class='ocrx_word' id='word_1_3' title='bbox 1744 153 2390 247; x_wconf 74' lang='lat' dir='ltr'><strong>LELANpt</strong></span> 
     </span>
    </p>
   </div>
   <div class='ocr_carea' id='block_1_2' title="bbox 707 292 2764 1263">
    <p class='ocr_par' dir='ltr' id='par_1_2' title="bbox 707 292 2764 819">
     <span class='ocr_line' id='line_1_2' title="bbox 793 292 2764 399; baseline 0.002 -39"><span class='ocrx_word' id='word_1_4' title='bbox 793 294 1134 399; x_wconf 40' lang='lat' dir='ltr'><strong>Locu&#39;s&#39;ubi</strong></span> <span class='ocrx_word' id='word_1_5' title='bbox 1157 315 1319 361; x_wconf 84' lang='lat' dir='ltr'><strong>nunc</strong></span> <span class='ocrx_word' id='word_1_6' title='bbox 1351 295 1706 361; x_wconf 87' lang='lat' dir='ltr'><strong>coenobium</strong></span> <span class='ocrx_word' id='word_1_7' title='bbox 1732 293 1837 371; x_wconf 88' lang='lat' dir='ltr'><strong>est,</strong></span> <span class='ocrx_word' id='word_1_8' title='bbox 1884 294 2123 358; x_wconf 89' lang='lat' dir='ltr'><strong>videtur</strong></span> <span class='ocrx_word' id='word_1_9' title='bbox 2153 294 2306 359; x_wconf 88' lang='lat' dir='ltr'><strong>mihi</strong></span> <span class='ocrx_word' id='word_1_10' title='bbox 2327 295 2438 360; x_wconf 83' lang='lat' dir='ltr'><strong>effe</strong></span> <span class='ocrx_word' id='word_1_11' title='bbox 2461 317 2571 362; x_wconf 84' lang='lat' dir='ltr'><strong>arx</strong></span> <span class='ocrx_word' id='word_1_12' title='bbox 2593 292 2764 363; x_wconf 75' lang='lat' dir='ltr'><strong>inex·-</strong></span> 
     </span>
     <span class='ocr_line' id='line_1_3' title="bbox 708 384 2762 555; baseline 0 -20"><span class='ocrx_word' id='word_1_13' title='bbox 708 384 1268 548; x_wconf 43' lang='lat' dir='ltr'><strong>pulgilgluilasivitreffi</strong></span> <span class='ocrx_word' id='word_1_14' title='bbox 1315 492 1454 555; x_wconf 86' lang='lat' dir='ltr'><strong>quae</strong></span> <span class='ocrx_word' id='word_1_15' title='bbox 1507 468 1681 534; x_wconf 88' lang='lat' dir='ltr'><strong>estin</strong></span> <span class='ocrx_word' id='word_1_16' title='bbox 1723 468 1980 533; x_wconf 81' lang='lat' dir='ltr'><strong>claustro</strong></span> <span class='ocrx_word' id='word_1_17' title='bbox 2028 470 2103 533; x_wconf 81' lang='lat' dir='ltr'><strong>de</strong></span> <span class='ocrx_word' id='word_1_18' title='bbox 2151 469 2537 547; x_wconf 61' lang='lat' dir='ltr'><strong>StrenbshaIC,</strong></span> <span class='ocrx_word' id='word_1_19' title='bbox 2584 495 2762 536; x_wconf 88' lang='lat' dir='ltr'><strong>mon·</strong></span> 
     </span>
     <span class='ocr_line' id='line_1_4' title="bbox 708 559 2764 643; baseline 0.001 -20"><span class='ocrx_word' id='word_1_20' title='bbox 708 559 872 634; x_wconf 85' lang='lat' dir='ltr'><strong>strat,</strong></span> <span class='ocrx_word' id='word_1_21' title='bbox 921 562 1154 635; x_wconf 74' lang='lat' dir='ltr'><strong>Scot08‚</strong></span> <span class='ocrx_word' id='word_1_22' title='bbox 1200 561 1309 643; x_wconf 89' lang='lat' dir='ltr'><strong>qui</strong></span> <span class='ocrx_word' id='word_1_23' title='bbox 1341 582 1528 641; x_wconf 87' lang='lat' dir='ltr'>prope</span> <span class='ocrx_word' id='word_1_24' title='bbox 1568 559 1715 622; x_wconf 86' lang='lat' dir='ltr'><strong>fines</strong></span> <span class='ocrx_word' id='word_1_25' title='bbox 1760 560 2104 643; x_wconf 87' lang='lat' dir='ltr'><strong>Anglorum</strong></span> <span class='ocrx_word' id='word_1_26' title='bbox 2158 559 2535 634; x_wconf 84' lang='lat' dir='ltr'>habitabant,</span> <span class='ocrx_word' id='word_1_27' title='bbox 2588 561 2764 625; x_wconf 79' lang='lat' dir='ltr'><strong>fuisse</strong></span> 
     </span>
     <span class='ocr_line' id='line_1_5' title="bbox 707 646 2762 731; baseline 0.001 -20"><span class='ocrx_word' id='word_1_28' title='bbox 707 648 803 712; x_wconf 86' lang='lat' dir='ltr'><strong>vel</strong></span> <span class='ocrx_word' id='word_1_29' title='bbox 837 646 914 709; x_wconf 84' lang='lat' dir='ltr'><strong>ad</strong></span> <span class='ocrx_word' id='word_1_30' title='bbox 943 648 1238 711; x_wconf 89' lang='lat' dir='ltr'><strong>Gulielmi</strong></span> <span class='ocrx_word' id='word_1_31' title='bbox 1277 649 1473 710; x_wconf 87' lang='lat' dir='ltr'>Nothi</span> <span class='ocrx_word' id='word_1_32' title='bbox 1518 663 1788 731; x_wconf 86' lang='lat' dir='ltr'><strong>tempora</strong></span> <span class='ocrx_word' id='word_1_33' title='bbox 1811 648 2319 731; x_wconf 76' lang='lat' dir='ltr'><strong>antropophagoe,</strong></span> <span class='ocrx_word' id='word_1_34' title='bbox 2366 647 2423 711; x_wconf 73' lang='grc' dir='ltr'>ἃ</span> <span class='ocrx_word' id='word_1_35' title='bbox 2457 648 2615 713; x_wconf 88' lang='lat' dir='ltr'><strong>hanc</strong></span> <span class='ocrx_word' id='word_1_36' title='bbox 2644 651 2762 712; x_wconf 88' lang='lat' dir='ltr'><strong>im·</strong></span> 
     </span>
     <span class='ocr_line' id='line_1_6' title="bbox 708 735 2325 819; baseline -0.002 -17"><span class='ocrx_word' id='word_1_37' title='bbox 708 737 1063 802; x_wconf 87' lang='lat' dir='ltr'><strong>manitatem</strong></span> <span class='ocrx_word' id='word_1_38' title='bbox 1093 737 1125 797; x_wconf 70' lang='lat' dir='ltr'><strong>a</strong></span> <span class='ocrx_word' id='word_1_39' title='bbox 1143 736 1570 801; x_wconf 83' lang='lat' dir='ltr'><strong>Gulielmianis</strong></span> <span class='ocrx_word' id='word_1_40' title='bbox 1600 736 1805 819; x_wconf 87' lang='lat' dir='ltr'><strong>gladio</strong></span> <span class='ocrx_word' id='word_1_41' title='bbox 1832 735 2001 799; x_wconf 74' lang='lat' dir='ltr'><strong>fuisse</strong></span> <span class='ocrx_word' id='word_1_42' title='bbox 2033 737 2325 817; x_wconf 85' lang='lat' dir='ltr'><strong>punitam.</strong></span> 
     </span>
    </p>

    <p class='ocr_par' dir='ltr' id='par_1_3' title="bbox 707 822 2760 997">
     <span class='ocr_line' id='line_1_7' title="bbox 798 822 2760 906; baseline 0.002 -21"><span class='ocrx_word' id='word_1_43' title='bbox 798 822 956 886; x_wconf 79' lang='lat' dir='ltr'><strong>Eska</strong></span> <span class='ocrx_word' id='word_1_44' title='bbox 1003 824 1112 885; x_wconf 86' lang='lat' dir='ltr'><strong>flu:</strong></span> <span class='ocrx_word' id='word_1_45' title='bbox 1160 827 1355 887; x_wconf 89' lang='lat' dir='ltr'><strong>oritur</strong></span> <span class='ocrx_word' id='word_1_46' title='bbox 1400 827 1460 886; x_wconf 88' lang='lat' dir='ltr'><strong>in</strong></span> <span class='ocrx_word' id='word_1_47' title='bbox 1509 824 1813 900; x_wconf 75' lang='lat' dir='ltr'><strong>Elkedale,</strong></span> <span class='ocrx_word' id='word_1_48' title='bbox 1879 824 2089 887; x_wconf 90' lang='lat' dir='ltr'><strong>defluit</strong></span> <span class='ocrx_word' id='word_1_49' title='bbox 2130 845 2236 906; x_wconf 89' lang='lat' dir='ltr'><strong>per</strong></span> <span class='ocrx_word' id='word_1_50' title='bbox 2275 823 2627 889; x_wconf 85' lang='lat' dir='ltr'><strong>Danbeium</strong></span> <span class='ocrx_word' id='word_1_51' title='bbox 2655 846 2760 888; x_wconf 85' lang='lat' dir='ltr'><strong>ne·</strong></span> 
     </span>
     <span class='ocr_line' id='line_1_8' title="bbox 707 910 2750 997; baseline 0 -21"><span class='ocrx_word' id='word_1_52' title='bbox 707 931 865 988; x_wconf 70' lang='lat' dir='ltr'><strong>mm,</strong></span> <span class='ocrx_word' id='word_1_53' title='bbox 907 911 965 974; x_wconf 87' lang='lat'>&amp;</span> <span class='ocrx_word' id='word_1_54' title='bbox 995 910 1241 976; x_wconf 84' lang='lat' dir='ltr'><strong>tandem</strong></span> <span class='ocrx_word' id='word_1_55' title='bbox 1270 911 1432 997; x_wconf 85' lang='lat' dir='ltr'><strong>apud</strong></span> <span class='ocrx_word' id='word_1_56' title='bbox 1464 913 1923 994; x_wconf 31' lang='lat' dir='ltr'><strong>Strenelhalc-in</strong></span> <span class='ocrx_word' id='word_1_57' title='bbox 1951 933 2115 975; x_wconf 86' lang='lat' dir='ltr'><strong>mare</strong></span> <span class='ocrx_word' id='word_1_58' title='bbox 2144 910 2199 974; x_wconf 88' lang='lat' dir='ltr'><strong>se</strong></span> <span class='ocrx_word' id='word_1_59' title='bbox 2217 927 2517 977; x_wconf 80' lang='lat' dir='ltr'>exonerat.</span> <span class='ocrx_word' id='word_1_60' title='bbox 2741 918 2750 925; x_wconf 84' lang='lat'><strong><em>&#39;</em></strong></span> 
     </span>
    </p>

    <p class='ocr_par' dir='ltr' id='par_1_4' title="bbox 709 1001 2759 1263">
     <span class='ocr_line' id='line_1_9' title="bbox 791 1001 2759 1172; baseline 0.002 -22"><span class='ocrx_word' id='word_1_61' title='bbox 791 1087 915 1150; x_wconf 87' lang='lat' dir='ltr'><strong>Pro</strong></span> <span class='ocrx_word' id='word_1_62' title='bbox 937 1087 1138 1150; x_wconf 81' lang='lat' dir='ltr'><strong>Wiske</strong></span> <span class='ocrx_word' id='word_1_63' title='bbox 1162 1085 1355 1151; x_wconf 80' lang='lat' dir='ltr'>forsan</span> <span class='ocrx_word' id='word_1_64' title='bbox 1380 1001 2070 1172; x_wconf 47' lang='lat' dir='ltr'><strong>vulgungsylffiZglrupte</strong></span> <span class='ocrx_word' id='word_1_65' title='bbox 2094 1088 2459 1171; x_wconf 84' lang='lat' dir='ltr'><strong>pronuntiat.</strong></span> <span class='ocrx_word' id='word_1_66' title='bbox 2553 1090 2689 1153; x_wconf 91' lang='lat' dir='ltr'><strong>Hoc</strong></span> <span class='ocrx_word' id='word_1_67' title='bbox 2714 1087 2759 1153; x_wconf 87' lang='lat' dir='ltr'>fi</span> 
     </span>
     <span class='ocr_line' id='line_1_10' title="bbox 709 1174 2416 1263; baseline 0.001 -26"><span class='ocrx_word' id='word_1_68' title='bbox 709 1194 923 1238; x_wconf 89' lang='lat' dir='ltr'><strong>verum</strong></span> <span class='ocrx_word' id='word_1_69' title='bbox 944 1174 1046 1252; x_wconf 90' lang='lat' dir='ltr'><strong>est,</strong></span> <span class='ocrx_word' id='word_1_70' title='bbox 1088 1174 1212 1239; x_wconf 88' lang='lat' dir='ltr'><strong>Isca</strong></span> <span class='ocrx_word' id='word_1_71' title='bbox 1241 1177 1458 1241; x_wconf 68' lang='lat' dir='ltr'><strong>reftius</strong></span> <span class='ocrx_word' id='word_1_72' title='bbox 1484 1198 1673 1263; x_wconf 83' lang='lat' dir='ltr'><strong>quam</strong></span> <span class='ocrx_word' id='word_1_73' title='bbox 1703 1174 1895 1243; x_wconf 83' lang='lat' dir='ltr'><strong>Escha</strong></span> <span class='ocrx_word' id='word_1_74' title='bbox 1919 1179 2130 1241; x_wconf 90' lang='lat' dir='ltr'><strong>Latine</strong></span> <span class='ocrx_word' id='word_1_75' title='bbox 2159 1178 2416 1239; x_wconf 90' lang='lat' dir='ltr'><strong>dicetur.</strong></span> 
     </span>
    </p>
   </div>
   <div class='ocr_carea' id='block_1_3' title="bbox 374 1283 2762 1530">
    <p class='ocr_par' dir='ltr' id='par_1_5' title="bbox 374 1283 2762 1530">
     <span class='ocr_line' id='line_1_11' title="bbox 2417 1283 2719 1334; baseline 0.01 -4"><span class='ocrx_word' id='word_1_76' title='bbox 2417 1283 2581 1333; x_wconf 88' lang='lat' dir='ltr'><strong>Stokle</strong></span> <span class='ocrx_word' id='word_1_77' title='bbox 2632 1287 2719 1334; x_wconf 88' lang='lat' dir='ltr'><strong>abe</strong></span> 
     </span>
     <span class='ocr_line' id='line_1_12' title="bbox 374 1285 2762 1451; baseline -0.002 -30"><span class='ocrx_word' id='word_1_78' title='bbox 374 1386 474 1442; x_wconf 71' lang='lat' dir='ltr'><strong>rto</strong></span> <span class='ocrx_word' id='word_1_79' title='bbox 508 1398 677 1451; x_wconf 67' lang='lat' dir='ltr'><strong>stoke..</strong></span> <span class='ocrx_word' id='word_1_80' title='bbox 798 1352 1058 1415; x_wconf 88' lang='lat' dir='ltr'><strong>Levinus</strong></span> <span class='ocrx_word' id='word_1_81' title='bbox 1088 1351 1197 1414; x_wconf 87' lang='lat' dir='ltr'><strong>flu:</strong></span> <span class='ocrx_word' id='word_1_82' title='bbox 1228 1354 1379 1416; x_wconf 86' lang='lat' dir='ltr'><strong>mire</strong></span> <span class='ocrx_word' id='word_1_83' title='bbox 1410 1351 1679 1417; x_wconf 84' lang='lat' dir='ltr'><strong>finuosus</strong></span> <span class='ocrx_word' id='word_1_84' title='bbox 1713 1353 1908 1416; x_wconf 85' lang='lat' dir='ltr'><strong>oritur</strong></span> <span class='ocrx_word' id='word_1_85' title='bbox 1928 1353 2022 1432; x_wconf 80' lang='lat'><strong>4⁰.</strong></span> <span class='ocrx_word' id='word_1_86' title='bbox 2051 1367 2157 1416; x_wconf 89' lang='lat' dir='ltr'><strong>aut</strong></span> <span class='ocrx_word' id='word_1_87' title='bbox 2192 1352 2276 1435; x_wconf 80' lang='lat'><strong>5⁰.</strong></span> <span class='ocrx_word' id='word_1_88' title='bbox 2320 1356 2353 1414; x_wconf 73' lang='lat' dir='ltr'><strong>a</strong></span> <span class='ocrx_word' id='word_1_89' title='bbox 2381 1300 2624 1415; x_wconf 63' lang='lat' dir='ltr'><strong>Stoldeyo</strong></span> <span class='ocrx_word' id='word_1_90' title='bbox 2651 1285 2762 1438; x_wconf 56' lang='lat' dir='ltr'><strong>opt}</strong></span> 
     </span>
     <span class='ocr_line' id='line_1_13' title="bbox 376 1448 2762 1530; baseline -0.003 -17"><span class='ocrx_word' id='word_1_91' title='bbox 376 1455 458 1525; x_wconf 76' lang='lat' dir='ltr'><strong>ley</strong></span> <span class='ocrx_word' id='word_1_92' title='bbox 489 1471 541 1511; x_wconf 90' lang='lat' dir='ltr'><strong>to</strong></span> <span class='ocrx_word' id='word_1_93' title='bbox 740 1475 849 1517; x_wconf 77' lang='lat' dir='ltr'><strong>4or.</strong></span> <span class='ocrx_word' id='word_1_94' title='bbox 872 1448 901 1507; x_wconf 67' lang='grc' dir='ltr'><strong>ἑ</strong></span> <span class='ocrx_word' id='word_1_95' title='bbox 923 1460 1193 1507; x_wconf 86' lang='lat' dir='ltr'><strong>Giseburna</strong></span> <span class='ocrx_word' id='word_1_96' title='bbox 1213 1459 1492 1508; x_wconf 82' lang='lat' dir='ltr'><strong>miliaribus.</strong></span> <span class='ocrx_word' id='word_1_97' title='bbox 2258 1460 2380 1525; x_wconf 88' lang='lat' dir='ltr'><strong>apud</strong></span> <span class='ocrx_word' id='word_1_98' title='bbox 2402 1458 2762 1530; x_wconf 76' lang='lat' dir='ltr'><strong>Coldeyngleby</strong></span> 
     </span>
    </p>
   </div>
   <div class='ocr_carea' id='block_1_4' title="bbox 372 1524 2755 1658">
    <p class='ocr_par' dir='ltr' id='par_1_6' title="bbox 372 1524 2755 1658">
     <span class='ocr_line' id='line_1_14' title="bbox 372 1524 2755 1658; baseline 0.004 -77"><span class='ocrx_word' id='word_1_99' title='bbox 372 1524 586 1658; x_wconf 44' lang='lat' dir='ltr'><strong>sstnyleeslfy</strong></span> <span class='ocrx_word' id='word_1_100' title='bbox 604 1532 674 1585; x_wconf 84' lang='lat' dir='ltr'><strong>iii.</strong></span> <span class='ocrx_word' id='word_1_101' title='bbox 713 1528 994 1590; x_wconf 80' lang='lat' dir='ltr'><strong>miliariO.</strong></span> <span class='ocrx_word' id='word_1_102' title='bbox 1026 1527 1165 1590; x_wconf 89' lang='lat' dir='ltr'><strong>inde</strong></span> <span class='ocrx_word' id='word_1_103' title='bbox 1196 1549 1300 1610; x_wconf 89' lang='lat' dir='ltr'><strong>per</strong></span> <span class='ocrx_word' id='word_1_104' title='bbox 1323 1548 1552 1611; x_wconf 88' lang='lat' dir='ltr'><strong>pagum</strong></span> <span class='ocrx_word' id='word_1_105' title='bbox 1572 1526 1993 1594; x_wconf 85' lang='lat' dir='ltr'><strong>Rudebensem</strong></span> <span class='ocrx_word' id='word_1_106' title='bbox 2010 1528 2274 1594; x_wconf 85' lang='lat' dir='ltr'><strong>defluens</strong></span> <span class='ocrx_word' id='word_1_107' title='bbox 2301 1549 2406 1616; x_wconf 87' lang='lat' dir='ltr'><strong>per</strong></span> <span class='ocrx_word' id='word_1_108' title='bbox 2429 1532 2624 1589; x_wconf 85' lang='lat' dir='ltr'><strong>Yarne</strong></span> <span class='ocrx_word' id='word_1_109' title='bbox 2654 1550 2755 1610; x_wconf 88' lang='lat' dir='ltr'><strong>op:</strong></span> 
     </span>
    </p>
   </div>
   <div class='ocr_carea' id='block_1_5' title="bbox 2356 1616 2745 1637">
    <p class='ocr_par' dir='ltr' id='par_1_7' title="bbox 2356 1616 2745 1637">
     <span class='ocr_line' id='line_1_15' title="bbox 2356 1616 2745 1637; baseline 0 3219"><span class='ocrx_word' id='word_1_110' title='bbox 2356 1616 2745 1637; x_wconf 95' lang='lat' dir='ltr'><strong> </strong></span> 
     </span>
    </p>
   </div>
   <div class='ocr_carea' id='block_1_6' title="bbox 710 1633 1473 1766">
    <p class='ocr_par' dir='ltr' id='par_1_8' title="bbox 710 1633 1473 1766">
     <span class='ocr_line' id='line_1_16' title="bbox 711 1633 1456 1701; baseline 0.004 -20"><span class='ocrx_word' id='word_1_111' title='bbox 711 1651 740 1681; x_wconf 83' lang='lat' dir='ltr'><strong>a</strong></span> <span class='ocrx_word' id='word_1_112' title='bbox 758 1635 910 1682; x_wconf 85' lang='lat' dir='ltr'><strong>ferme</strong></span> <span class='ocrx_word' id='word_1_113' title='bbox 931 1651 958 1682; x_wconf 86' lang='lat' dir='ltr'><strong>a</strong></span> <span class='ocrx_word' id='word_1_114' title='bbox 979 1633 1109 1701; x_wconf 76' lang='lat' dir='ltr'><strong>myle</strong></span> <span class='ocrx_word' id='word_1_115' title='bbox 1130 1636 1258 1683; x_wconf 85' lang='lat' dir='ltr'><strong>from</strong></span> <span class='ocrx_word' id='word_1_116' title='bbox 1283 1638 1456 1684; x_wconf 86' lang='lat' dir='ltr'><strong>Yarne.</strong></span> 
     </span>
     <span class='ocr_line' id='line_1_17' title="bbox 710 1700 1473 1766; baseline 0.003 -2"><span class='ocrx_word' id='word_1_117' title='bbox 710 1702 774 1765; x_wconf 88' lang='lat' dir='ltr'><strong>in</strong></span> <span class='ocrx_word' id='word_1_118' title='bbox 809 1701 1062 1766; x_wconf 83' lang='lat' dir='ltr'><strong>Thefim</strong></span> <span class='ocrx_word' id='word_1_119' title='bbox 1090 1700 1146 1765; x_wconf 93' lang='lat' dir='ltr'><strong>se</strong></span> <span class='ocrx_word' id='word_1_120' title='bbox 1168 1720 1473 1766; x_wconf 81' lang='lat' dir='ltr'><strong>exonerat.</strong></span> 
     </span>
    </p>
   </div>
   <div class='ocr_carea' id='block_1_7' title="bbox 626 1791 2756 2665">
    <p class='ocr_par' dir='ltr' id='par_1_9' title="bbox 1079 1791 2375 1878">
     <span class='ocr_line' id='line_1_18' title="bbox 1079 1791 2375 1878; baseline 0.003 -26"><span class='ocrx_word' id='word_1_121' title='bbox 1079 1795 1178 1853; x_wconf 87' lang='lat' dir='ltr'><strong>Ex</strong></span> <span class='ocrx_word' id='word_1_122' title='bbox 1200 1791 1456 1856; x_wconf 88' lang='lat' dir='ltr'><strong>chronico</strong></span> <span class='ocrx_word' id='word_1_123' title='bbox 1487 1793 1699 1856; x_wconf 85' lang='lat' dir='ltr'><strong>incerti</strong></span> <span class='ocrx_word' id='word_1_124' title='bbox 1719 1793 1948 1856; x_wconf 84' lang='lat' dir='ltr'><strong>autoris</strong></span> <span class='ocrx_word' id='word_1_125' title='bbox 1976 1792 2138 1876; x_wconf 75' lang='lat' dir='ltr'><strong>apud</strong></span> <span class='ocrx_word' id='word_1_126' title='bbox 2152 1795 2375 1878; x_wconf 82' lang='lat' dir='ltr'><strong>Wytby.</strong></span> 
     </span>
    </p>

    <p class='ocr_par' dir='ltr' id='par_1_10' title="bbox 796 1876 1672 1961">
     <span class='ocr_line' id='line_1_19' title="bbox 796 1876 1672 1961; baseline 0.005 -22"><span class='ocrx_word' id='word_1_127' title='bbox 796 1876 1004 1940; x_wconf 90' lang='lat' dir='ltr'><strong>Scothi</strong></span> <span class='ocrx_word' id='word_1_128' title='bbox 1041 1877 1206 1960; x_wconf 82' lang='lat' dir='ltr'><strong>quafi</strong></span> <span class='ocrx_word' id='word_1_129' title='bbox 1245 1882 1478 1961; x_wconf 86' lang='lat' dir='ltr'><strong>Scythae</strong></span> <span class='ocrx_word' id='word_1_130' title='bbox 1506 1881 1672 1943; x_wconf 64' lang='lat' dir='ltr'><strong>dieti.</strong></span> 
     </span>
    </p>

    <p class='ocr_par' dir='ltr' id='par_1_11' title="bbox 797 1965 1560 2052">
     <span class='ocr_line' id='line_1_20' title="bbox 797 1965 1560 2052; baseline 0.004 -24"><span class='ocrx_word' id='word_1_131' title='bbox 797 1965 1062 2028; x_wconf 57' lang='lat' dir='ltr'><strong>Pictavia</strong></span> <span class='ocrx_word' id='word_1_132' title='bbox 1090 1966 1124 2027; x_wconf 76' lang='lat' dir='ltr'><strong>a</strong></span> <span class='ocrx_word' id='word_1_133' title='bbox 1147 1967 1326 2030; x_wconf 74' lang='lat' dir='ltr'><strong>Piffis</strong></span> <span class='ocrx_word' id='word_1_134' title='bbox 1350 1967 1560 2052; x_wconf 54' lang='lat' dir='ltr'><strong>dieta„</strong></span> 
     </span>
    </p>

    <p class='ocr_par' dir='ltr' id='par_1_12' title="bbox 796 2054 2306 2139">
     <span class='ocr_line' id='line_1_21' title="bbox 796 2054 2306 2139; baseline 0.001 -25"><span class='ocrx_word' id='word_1_135' title='bbox 796 2056 968 2115; x_wconf 88' lang='lat' dir='ltr'><strong>Deus</strong></span> <span class='ocrx_word' id='word_1_136' title='bbox 999 2054 1106 2117; x_wconf 88' lang='lat' dir='ltr'><strong>flu:</strong></span> <span class='ocrx_word' id='word_1_137' title='bbox 1137 2056 1428 2139; x_wconf 85' lang='lat' dir='ltr'><strong>originem</strong></span> <span class='ocrx_word' id='word_1_138' title='bbox 1457 2056 1623 2118; x_wconf 90' lang='lat' dir='ltr'><strong>ducit</strong></span> <span class='ocrx_word' id='word_1_139' title='bbox 1652 2077 1728 2118; x_wconf 86' lang='lat' dir='ltr'><strong>ex</strong></span> <span class='ocrx_word' id='word_1_140' title='bbox 1759 2055 2115 2118; x_wconf 84' lang='lat' dir='ltr'><strong>Pimbelmer</strong></span> <span class='ocrx_word' id='word_1_141' title='bbox 2151 2055 2306 2118; x_wconf 88' lang='lat' dir='ltr'><strong>lacu.</strong></span> 
     </span>
    </p>

    <p class='ocr_par' dir='ltr' id='par_1_13' title="bbox 708 2141 2756 2402">
     <span class='ocr_line' id='line_1_22' title="bbox 790 2141 2752 2226; baseline 0.001 -24"><span class='ocrx_word' id='word_1_142' title='bbox 790 2143 873 2202; x_wconf 87' lang='lat' dir='ltr'><strong>Et</strong></span> <span class='ocrx_word' id='word_1_143' title='bbox 902 2142 978 2204; x_wconf 87' lang='lat' dir='ltr'><strong>de</strong></span> <span class='ocrx_word' id='word_1_144' title='bbox 1004 2163 1167 2207; x_wconf 86' lang='lat' dir='ltr'><strong>mare</strong></span> <span class='ocrx_word' id='word_1_145' title='bbox 1197 2144 1468 2226; x_wconf 74' lang='lat' dir='ltr'><strong>loquen3‚</strong></span> <span class='ocrx_word' id='word_1_146' title='bbox 1516 2145 1684 2226; x_wconf 87' lang='lat' dir='ltr'><strong>quod</strong></span> <span class='ocrx_word' id='word_1_147' title='bbox 1705 2145 1958 2206; x_wconf 68' lang='lat' dir='ltr'><strong>Vestam</strong></span> <span class='ocrx_word' id='word_1_148' title='bbox 1980 2142 2015 2204; x_wconf 74' lang='grc' dir='ltr'>ὲ</span> <span class='ocrx_word' id='word_1_149' title='bbox 2033 2145 2339 2207; x_wconf 82' lang='lat' dir='ltr'><strong>Britannia</strong></span> <span class='ocrx_word' id='word_1_150' title='bbox 2359 2141 2752 2217; x_wconf 86' lang='lat' dir='ltr'><strong>disterminat,</strong></span> 
     </span>
     <span class='ocr_line' id='line_1_23' title="bbox 708 2227 2754 2314; baseline 0 -22"><span class='ocrx_word' id='word_1_151' title='bbox 708 2227 791 2292; x_wconf 86' lang='lat' dir='ltr'><strong>fic</strong></span> <span class='ocrx_word' id='word_1_152' title='bbox 830 2227 1071 2293; x_wconf 86' lang='lat' dir='ltr'><strong>scribit:</strong></span> <span class='ocrx_word' id='word_1_153' title='bbox 1143 2237 1187 2266; x_wconf 90' lang='lat'><strong>“</strong></span> <span class='ocrx_word' id='word_1_154' title='bbox 1219 2235 1292 2294; x_wconf 89' lang='lat' dir='ltr'><strong>In</strong></span> <span class='ocrx_word' id='word_1_155' title='bbox 1323 2254 1449 2314; x_wconf 88' lang='lat' dir='ltr'><strong>quo</strong></span> <span class='ocrx_word' id='word_1_156' title='bbox 1491 2233 1617 2295; x_wconf 89' lang='lat' dir='ltr'><strong>bini</strong></span> <span class='ocrx_word' id='word_1_157' title='bbox 1662 2230 1833 2295; x_wconf 83' lang='lat' dir='ltr'><strong>aestus</strong></span> <span class='ocrx_word' id='word_1_158' title='bbox 1877 2233 2083 2294; x_wconf 89' lang='lat' dir='ltr'><strong>oceani</strong></span> <span class='ocrx_word' id='word_1_159' title='bbox 2127 2233 2400 2314; x_wconf 88' lang='lat' dir='ltr'><strong>quotidie</strong></span> <span class='ocrx_word' id='word_1_160' title='bbox 2453 2252 2754 2314; x_wconf 87' lang='lat' dir='ltr'><strong>compug-</strong></span> 
     </span>
     <span class='ocr_line' id='line_1_24' title="bbox 709 2317 2756 2402; baseline -0.001 -21"><span class='ocrx_word' id='word_1_161' title='bbox 709 2324 754 2355; x_wconf 88' lang='lat'><strong>“</strong></span> <span class='ocrx_word' id='word_1_162' title='bbox 784 2333 997 2381; x_wconf 79' lang='lat' dir='ltr'><strong>nantes·</strong></span> <span class='ocrx_word' id='word_1_163' title='bbox 1021 2317 1128 2381; x_wconf 84' lang='lat' dir='ltr'><strong>fibi</strong></span> <span class='ocrx_word' id='word_1_164' title='bbox 1157 2328 1477 2382; x_wconf 84' lang='lat' dir='ltr'><strong>occurrunt</strong></span> <span class='ocrx_word' id='word_1_165' title='bbox 1505 2319 1667 2382; x_wconf 88' lang='lat' dir='ltr'><strong>ultra</strong></span> <span class='ocrx_word' id='word_1_166' title='bbox 1696 2340 1760 2382; x_wconf 88' lang='lat' dir='ltr'><strong>os</strong></span> <span class='ocrx_word' id='word_1_167' title='bbox 1782 2320 2045 2382; x_wconf 88' lang='lat' dir='ltr'><strong>fluminis</strong></span> <span class='ocrx_word' id='word_1_168' title='bbox 2077 2320 2403 2393; x_wconf 86' lang='lat' dir='ltr'><strong>Homoleae,</strong></span> <span class='ocrx_word' id='word_1_169' title='bbox 2450 2320 2618 2402; x_wconf 88' lang='lat' dir='ltr'><strong>quod</strong></span> <span class='ocrx_word' id='word_1_170' title='bbox 2650 2339 2756 2401; x_wconf 88' lang='lat' dir='ltr'><strong>per</strong></span> 
     </span>
    </p>

    <p class='ocr_par' dir='ltr' id='par_1_14' title="bbox 626 2404 2752 2665">
     <span class='ocr_line' id='line_1_25' title="bbox 626 2404 2752 2494; baseline 0 -25"><span class='ocrx_word' id='word_1_171' title='bbox 626 2433 640 2443; x_wconf 88' lang='lat'><strong>·</strong></span> <span class='ocrx_word' id='word_1_172' title='bbox 711 2412 754 2443; x_wconf 89' lang='lat'><strong>“</strong></span> <span class='ocrx_word' id='word_1_173' title='bbox 787 2421 965 2470; x_wconf 85' lang='lat' dir='ltr'><strong>terras</strong></span> <span class='ocrx_word' id='word_1_174' title='bbox 993 2409 1297 2485; x_wconf 90' lang='lat' dir='ltr'><strong>Vitarum,</strong></span> <span class='ocrx_word' id='word_1_175' title='bbox 1343 2428 1480 2491; x_wconf 84' lang='lat' dir='ltr'><strong>quae</strong></span> <span class='ocrx_word' id='word_1_176' title='bbox 1531 2408 1610 2471; x_wconf 87' lang='lat' dir='ltr'><strong>ad</strong></span> <span class='ocrx_word' id='word_1_177' title='bbox 1662 2411 1929 2494; x_wconf 85' lang='lat' dir='ltr'><strong>regiones</strong></span> <span class='ocrx_word' id='word_1_178' title='bbox 1973 2404 2393 2472; x_wconf 87' lang='lat' dir='ltr'><strong>Gewiseorurn</strong></span> <span class='ocrx_word' id='word_1_179' title='bbox 2430 2409 2752 2492; x_wconf 84' lang='lat' dir='ltr'><strong>pertinent,</strong></span> 
     </span>
     <span class='ocr_line' id='line_1_26' title="bbox 713 2494 1662 2579; baseline -0.001 -22"><span class='ocrx_word' id='word_1_180' title='bbox 713 2501 758 2532; x_wconf 89' lang='lat'><strong>“</strong></span> <span class='ocrx_word' id='word_1_181' title='bbox 789 2494 1110 2578; x_wconf 83' lang='lat' dir='ltr'><strong>praefatum</strong></span> <span class='ocrx_word' id='word_1_182' title='bbox 1146 2497 1388 2579; x_wconf 83' lang='lat' dir='ltr'><strong>pelagus</strong></span> <span class='ocrx_word' id='word_1_183' title='bbox 1417 2498 1662 2559; x_wconf 85' lang='lat' dir='ltr'><strong>intrat.’&#39;</strong></span> 
     </span>
     <span class='ocr_line' id='line_1_27' title="bbox 790 2581 2400 2665; baseline 0.001 -18"><span class='ocrx_word' id='word_1_184' title='bbox 790 2587 981 2647; x_wconf 84' lang='lat' dir='ltr'><strong>Mona</strong></span> <span class='ocrx_word' id='word_1_185' title='bbox 1005 2599 1196 2646; x_wconf 88' lang='lat' dir='ltr'><strong>mater</strong></span> <span class='ocrx_word' id='word_1_186' title='bbox 1225 2585 1522 2647; x_wconf 83' lang='lat' dir='ltr'><strong>Cambriae</strong></span> <span class='ocrx_word' id='word_1_187' title='bbox 1550 2584 1709 2646; x_wconf 64' lang='lat' dir='ltr'><strong>dieta</strong></span> <span class='ocrx_word' id='word_1_188' title='bbox 1740 2599 1983 2665; x_wconf 85' lang='lat' dir='ltr'><strong>propter</strong></span> <span class='ocrx_word' id='word_1_189' title='bbox 2010 2581 2400 2648; x_wconf 80' lang='lat' dir='ltr'><strong>fertilitatem.</strong></span> 
     </span>
    </p>
   </div>
   <div class='ocr_carea' id='block_1_8' title="bbox 1300 2674 2234 2766">
    <p class='ocr_par' dir='ltr' id='par_1_15' title="bbox 1300 2674 2234 2766">
     <span class='ocr_line' id='line_1_28' title="bbox 1300 2674 2234 2766; baseline -0.002 -31"><span class='ocrx_word' id='word_1_190' title='bbox 1300 2676 1584 2758; x_wconf 85' lang='lat' dir='ltr'><strong>Qatuor</strong></span> <span class='ocrx_word' id='word_1_191' title='bbox 1607 2674 1719 2734; x_wconf 82' lang='lat' dir='ltr'><strong>viae</strong></span> <span class='ocrx_word' id='word_1_192' title='bbox 1745 2674 2153 2735; x_wconf 84' lang='lat' dir='ltr'><strong>Mulmutinae.</strong></span> <span class='ocrx_word' id='word_1_193' title='bbox 2229 2760 2234 2766; x_wconf 21' lang='lat' dir='ltr'>q</span> 
     </span>
    </p>
   </div>
   <div class='ocr_carea' id='block_1_9' title="bbox 708 2758 2756 3356">
    <p class='ocr_par' dir='ltr' id='par_1_16' title="bbox 791 2758 979 2823">
     <span class='ocr_line' id='line_1_29' title="bbox 791 2758 979 2823; baseline -0.005 0"><span class='ocrx_word' id='word_1_194' title='bbox 791 2758 979 2823; x_wconf 76' lang='lat' dir='ltr'><strong>Foss&#39;a.</strong></span> 
     </span>
    </p>

    <p class='ocr_par' dir='ltr' id='par_1_17' title="bbox 790 2844 1239 2927">
     <span class='ocr_line' id='line_1_30' title="bbox 790 2844 1239 2927; baseline 0.009 -19"><span class='ocrx_word' id='word_1_195' title='bbox 790 2844 1239 2927; x_wconf 84' lang='lat' dir='ltr'><strong>Watlynstreat.</strong></span> 
     </span>
    </p>

    <p class='ocr_par' dir='ltr' id='par_1_18' title="bbox 788 2933 1212 3016">
     <span class='ocr_line' id='line_1_31' title="bbox 788 2933 1212 3016; baseline 0.002 -19"><span class='ocrx_word' id='word_1_196' title='bbox 788 2933 1212 3016; x_wconf 83' lang='lat' dir='ltr'><strong>Exmigestret.</strong></span> 
     </span>
    </p>

    <p class='ocr_par' dir='ltr' id='par_1_19' title="bbox 789 3022 1284 3088">
     <span class='ocr_line' id='line_1_32' title="bbox 789 3022 1284 3088; baseline 0.004 -3"><span class='ocrx_word' id='word_1_197' title='bbox 789 3022 1284 3088; x_wconf 88' lang='lat' dir='ltr'><strong>Rekenildstrete.</strong></span> 
     </span>
    </p>

    <p class='ocr_par' dir='ltr' id='par_1_20' title="bbox 788 3108 2331 3194">
     <span class='ocr_line' id='line_1_33' title="bbox 788 3108 2331 3194; baseline 0.001 -22"><span class='ocrx_word' id='word_1_198' title='bbox 788 3111 1208 3194; x_wconf 79' lang='lat' dir='ltr'><strong>snotingham,</strong></span> <span class='ocrx_word' id='word_1_199' title='bbox 1257 3111 1424 3192; x_wconf 87' lang='lat' dir='ltr'><strong>quod</strong></span> <span class='ocrx_word' id='word_1_200' title='bbox 1448 3108 1617 3174; x_wconf 88' lang='lat' dir='ltr'><strong>sonat</strong></span> <span class='ocrx_word' id='word_1_201' title='bbox 1650 3108 2062 3193; x_wconf 83' lang='lat' dir='ltr'><strong>speluncarum</strong></span> <span class='ocrx_word' id='word_1_202' title='bbox 2087 3109 2331 3173; x_wconf 79' lang='lat' dir='ltr'><strong>mansm.</strong></span> 
     </span>
    </p>

    <p class='ocr_par' dir='ltr' id='par_1_21' title="bbox 708 3195 2756 3356">
     <span class='ocr_line' id='line_1_34' title="bbox 782 3195 2756 3283; baseline 0 -21"><span class='ocrx_word' id='word_1_203' title='bbox 782 3198 1038 3262; x_wconf 85' lang='lat' dir='ltr'><strong>Videtur</strong></span> <span class='ocrx_word' id='word_1_204' title='bbox 1066 3201 1235 3282; x_wconf 89' lang='lat' dir='ltr'><strong>quod</strong></span> <span class='ocrx_word' id='word_1_205' title='bbox 1264 3199 1372 3263; x_wconf 86' lang='lat' dir='ltr'><strong>flu:</strong></span> <span class='ocrx_word' id='word_1_206' title='bbox 1428 3202 1575 3263; x_wconf 88' lang='lat' dir='ltr'><strong>olim</strong></span> <span class='ocrx_word' id='word_1_207' title='bbox 1622 3199 1805 3263; x_wconf 86' lang='lat' dir='ltr'><strong>Cluid</strong></span> <span class='ocrx_word' id='word_1_208' title='bbox 1857 3199 2078 3276; x_wconf 71' lang='lat' dir='ltr'><strong>distas,</strong></span> <span class='ocrx_word' id='word_1_209' title='bbox 2148 3221 2309 3263; x_wconf 89' lang='lat' dir='ltr'><strong>nunc</strong></span> <span class='ocrx_word' id='word_1_210' title='bbox 2338 3198 2388 3263; x_wconf 86' lang='lat' dir='ltr'><strong>is</strong></span> <span class='ocrx_word' id='word_1_211' title='bbox 2421 3195 2514 3274; x_wconf 85' lang='lat' dir='ltr'><strong>fit,</strong></span> <span class='ocrx_word' id='word_1_212' title='bbox 2564 3219 2756 3283; x_wconf 85' lang='lat' dir='ltr'><strong>quem</strong></span> 
     </span>
     <span class='ocr_line' id='line_1_35' title="bbox 708 3287 1244 3356; baseline 0.006 -8"><span class='ocrx_word' id='word_1_213' title='bbox 708 3287 984 3356; x_wconf 86' lang='lat' dir='ltr'><strong>Sulwath</strong></span> <span class='ocrx_word' id='word_1_214' title='bbox 1009 3302 1244 3351; x_wconf 86' lang='lat' dir='ltr'><strong>vocant.</strong></span> 
     </span>
    </p>
   </div>
   <div class='ocr_carea' id='block_1_10' title="bbox 788 3363 2866 3461">
    <p class='ocr_par' dir='ltr' id='par_1_22' title="bbox 788 3363 2866 3461">
     <span class='ocr_line' id='line_1_36' title="bbox 788 3363 2866 3461; baseline 0 -25"><span class='ocrx_word' id='word_1_215' title='bbox 788 3373 1042 3437; x_wconf 75' lang='lat' dir='ltr'><strong>Ecclesia</strong></span> <span class='ocrx_word' id='word_1_216' title='bbox 1072 3373 1571 3441; x_wconf 84' lang='lat' dir='ltr'><strong>Lindisfarnenfis</strong></span> <span class='ocrx_word' id='word_1_217' title='bbox 1610 3374 1727 3439; x_wconf 82' lang='lat' dir='ltr'><strong>fuit</strong></span> <span class='ocrx_word' id='word_1_218' title='bbox 1772 3372 2077 3453; x_wconf 85' lang='lat' dir='ltr'><strong>ininsula,</strong></span> <span class='ocrx_word' id='word_1_219' title='bbox 2125 3396 2245 3461; x_wconf 89' lang='lat' dir='ltr'><strong>que</strong></span> <span class='ocrx_word' id='word_1_220' title='bbox 2293 3395 2459 3438; x_wconf 88' lang='lat' dir='ltr'><strong>nunc</strong></span> <span class='ocrx_word' id='word_1_221' title='bbox 2500 3389 2757 3438; x_wconf 86' lang='lat' dir='ltr'><strong>vocatur</strong></span> <span class='ocrx_word' id='word_1_222' title='bbox 2862 3363 2866 3372; x_wconf 51' lang='lat'><strong><em>⁵</em></strong></span> 
     </span>
    </p>
   </div>
   <div class='ocr_carea' id='block_1_11' title="bbox 700 3462 2762 4251">
    <p class='ocr_par' dir='ltr' id='par_1_23' title="bbox 707 3462 1089 3544">
     <span class='ocr_line' id='line_1_37' title="bbox 707 3462 1089 3544; baseline 0 -19"><span class='ocrx_word' id='word_1_223' title='bbox 707 3462 867 3544; x_wconf 88' lang='lat' dir='ltr'><strong>Haly</strong></span> <span class='ocrx_word' id='word_1_224' title='bbox 895 3463 1089 3526; x_wconf 88' lang='lat' dir='ltr'><strong>Iland.</strong></span> 
     </span>
    </p>

    <p class='ocr_par' dir='ltr' id='par_1_24' title="bbox 700 3550 2762 3813">
     <span class='ocr_line' id='line_1_38' title="bbox 788 3550 2762 3635; baseline -0.001 -22"><span class='ocrx_word' id='word_1_225' title='bbox 788 3552 1224 3633; x_wconf 80' lang='lat' dir='ltr'><strong>Bareokelhyre</strong></span> <span class='ocrx_word' id='word_1_226' title='bbox 1269 3552 1572 3635; x_wconf 82' lang='lat' dir='ltr'><strong>provincia</strong></span> <span class='ocrx_word' id='word_1_227' title='bbox 1626 3573 1847 3615; x_wconf 87' lang='lat' dir='ltr'><strong>nornen</strong></span> <span class='ocrx_word' id='word_1_228' title='bbox 1895 3550 2142 3634; x_wconf 70' lang='lat' dir='ltr'><strong>sumpsit</strong></span> <span class='ocrx_word' id='word_1_229' title='bbox 2173 3550 2206 3614; x_wconf 72' lang='grc' dir='ltr'>ὲ</span> <span class='ocrx_word' id='word_1_230' title='bbox 2229 3551 2395 3620; x_wconf 87' lang='lat' dir='ltr'><strong>nuda</strong></span> <span class='ocrx_word' id='word_1_231' title='bbox 2430 3571 2656 3633; x_wconf 88' lang='lat' dir='ltr'><strong>quercu</strong></span> <span class='ocrx_word' id='word_1_232' title='bbox 2681 3551 2762 3612; x_wconf 89' lang='lat' dir='ltr'><strong>-in-</strong></span> 
     </span>
     <span class='ocr_line' id='line_1_39' title="bbox 700 3633 2755 3724; baseline 0 -23"><span class='ocrx_word' id='word_1_233' title='bbox 700 3633 855 3701; x_wconf 80' lang='lat' dir='ltr'><strong>saltu</strong></span> <span class='ocrx_word' id='word_1_234' title='bbox 882 3637 1342 3717; x_wconf 77' lang='lat' dir='ltr'><strong>Windesorenfi‚</strong></span> <span class='ocrx_word' id='word_1_235' title='bbox 1389 3640 1465 3702; x_wconf 88' lang='lat' dir='ltr'><strong>ad</strong></span> <span class='ocrx_word' id='word_1_236' title='bbox 1496 3659 1676 3722; x_wconf 88' lang='lat' dir='ltr'><strong>quem</strong></span> <span class='ocrx_word' id='word_1_237' title='bbox 1712 3638 1975 3703; x_wconf 88' lang='lat' dir='ltr'><strong>solebant</strong></span> <span class='ocrx_word' id='word_1_238' title='bbox 2007 3641 2389 3724; x_wconf 82' lang='lat' dir='ltr'><strong>provinciales</strong></span> <span class='ocrx_word' id='word_1_239' title='bbox 2419 3640 2755 3724; x_wconf 82' lang='lat' dir='ltr'><strong>convenire.</strong></span> 
     </span>
     <span class='ocr_line' id='line_1_40' title="bbox 787 3726 2708 3813; baseline 0.001 -25"><span class='ocrx_word' id='word_1_240' title='bbox 787 3726 1141 3810; x_wconf 86' lang='lat' dir='ltr'><strong>Wileshyre,</strong></span> <span class='ocrx_word' id='word_1_241' title='bbox 1187 3748 1322 3811; x_wconf 75' lang='lat' dir='ltr'><strong>quae</strong></span> <span class='ocrx_word' id='word_1_242' title='bbox 1349 3729 1659 3812; x_wconf 88' lang='lat' dir='ltr'><strong>quondam</strong></span> <span class='ocrx_word' id='word_1_243' title='bbox 1689 3728 2002 3792; x_wconf 83' lang='lat' dir='ltr'><strong>dicebatur</strong></span> <span class='ocrx_word' id='word_1_244' title='bbox 2030 3726 2337 3813; x_wconf 85' lang='lat' dir='ltr'><strong>provincia</strong></span> <span class='ocrx_word' id='word_1_245' title='bbox 2367 3728 2708 3790; x_wconf 86' lang='lat' dir='ltr'><strong>Severiana.</strong></span> 
     </span>
    </p>

    <p class='ocr_par' dir='ltr' id='par_1_25' title="bbox 701 3812 2757 3969">
     <span class='ocr_line' id='line_1_41' title="bbox 788 3812 2757 3900; baseline 0 -23"><span class='ocrx_word' id='word_1_246' title='bbox 788 3815 1228 3880; x_wconf 87' lang='lat' dir='ltr'><strong>Northumbria</strong></span> <span class='ocrx_word' id='word_1_247' title='bbox 1255 3815 1406 3879; x_wconf 88' lang='lat' dir='ltr'><strong>olim</strong></span> <span class='ocrx_word' id='word_1_248' title='bbox 1444 3815 1787 3881; x_wconf 86' lang='lat' dir='ltr'><strong>continebat</strong></span> <span class='ocrx_word' id='word_1_249' title='bbox 1819 3834 2005 3881; x_wconf 88' lang='lat' dir='ltr'><strong>totam</strong></span> <span class='ocrx_word' id='word_1_250' title='bbox 2036 3834 2276 3893; x_wconf 87' lang='lat' dir='ltr'><strong>terram,</strong></span> <span class='ocrx_word' id='word_1_251' title='bbox 2322 3836 2460 3900; x_wconf 85' lang='lat' dir='ltr'><strong>quae</strong></span> <span class='ocrx_word' id='word_1_252' title='bbox 2488 3812 2572 3877; x_wconf 88' lang='lat' dir='ltr'><strong>est</strong></span> <span class='ocrx_word' id='word_1_253' title='bbox 2594 3813 2757 3877; x_wconf 83' lang='lat' dir='ltr'><strong>inter</strong></span> 
     </span>
     <span class='ocr_line' id='line_1_42' title="bbox 701 3902 1719 3969; baseline 0.002 -2"><span class='ocrx_word' id='word_1_254' title='bbox 701 3902 1046 3967; x_wconf 87' lang='lat' dir='ltr'><strong>Humbrum</strong></span> <span class='ocrx_word' id='word_1_255' title='bbox 1075 3904 1133 3967; x_wconf 85' lang='lat'>&amp;</span> <span class='ocrx_word' id='word_1_256' title='bbox 1163 3903 1449 3969; x_wconf 88' lang='lat' dir='ltr'><strong>Tuedam</strong></span> <span class='ocrx_word' id='word_1_257' title='bbox 1480 3904 1719 3969; x_wconf 84' lang='lat' dir='ltr'><strong>fluvios.</strong></span> 
     </span>
    </p>

    <p class='ocr_par' dir='ltr' id='par_1_26' title="bbox 788 3992 1677 4071">
     <span class='ocr_line' id='line_1_43' title="bbox 788 3992 1677 4071; baseline 0.004 -16"><span class='ocrx_word' id='word_1_258' title='bbox 788 3992 956 4055; x_wconf 76' lang='lat' dir='ltr'><strong>Fossa</strong></span> <span class='ocrx_word' id='word_1_259' title='bbox 987 3996 1050 4054; x_wconf 91' lang='lat' dir='ltr'><strong>S.</strong></span> <span class='ocrx_word' id='word_1_260' title='bbox 1077 3993 1408 4057; x_wconf 87' lang='lat' dir='ltr'><strong>Edmundi.</strong></span> <span class='ocrx_word' id='word_1_261' title='bbox 1674 4068 1677 4071; x_wconf 13' lang='lat'><strong>⁴</strong></span> 
     </span>
    </p>

    <p class='ocr_par' dir='ltr' id='par_1_27' title="bbox 786 4080 2136 4163">
     <span class='ocr_line' id='line_1_44' title="bbox 786 4080 2136 4163; baseline 0.002 -22"><span class='ocrx_word' id='word_1_262' title='bbox 786 4081 1072 4163; x_wconf 89' lang='lat' dir='ltr'><strong>Regnum</strong></span> <span class='ocrx_word' id='word_1_263' title='bbox 1101 4083 1393 4146; x_wconf 90' lang='lat' dir='ltr'><strong>Deiorum</strong></span> <span class='ocrx_word' id='word_1_264' title='bbox 1413 4080 1448 4144; x_wconf 72' lang='grc' dir='ltr'>ὲ</span> <span class='ocrx_word' id='word_1_265' title='bbox 1470 4080 1755 4145; x_wconf 87' lang='lat' dir='ltr'><strong>Humbro</strong></span> <span class='ocrx_word' id='word_1_266' title='bbox 1782 4082 1859 4144; x_wconf 81' lang='lat' dir='ltr'><strong>ad</strong></span> <span class='ocrx_word' id='word_1_267' title='bbox 1886 4081 2136 4146; x_wconf 87' lang='lat' dir='ltr'><strong>Tinam.</strong></span> 
     </span>
    </p>

    <p class='ocr_par' dir='ltr' id='par_1_28' title="bbox 783 4163 2752 4251">
     <span class='ocr_line' id='line_1_45' title="bbox 783 4163 2752 4251; baseline 0 -22"><span class='ocrx_word' id='word_1_268' title='bbox 783 4168 1069 4251; x_wconf 89' lang='lat' dir='ltr'><strong>Regnum</strong></span> <span class='ocrx_word' id='word_1_269' title='bbox 1092 4170 1499 4237; x_wconf 85' lang='lat' dir='ltr'><strong>Berniciorum</strong></span> <span class='ocrx_word' id='word_1_270' title='bbox 1530 4173 1563 4237; x_wconf 68' lang='grc' dir='ltr'>Ξ</span> <span class='ocrx_word' id='word_1_271' title='bbox 1582 4169 1740 4239; x_wconf 85' lang='lat' dir='ltr'><strong>Tina</strong></span> <span class='ocrx_word' id='word_1_272' title='bbox 1759 4172 1836 4236; x_wconf 88' lang='lat' dir='ltr'><strong>ad</strong></span> <span class='ocrx_word' id='word_1_273' title='bbox 1869 4190 2032 4237; x_wconf 84' lang='lat' dir='ltr'><strong>mare</strong></span> <span class='ocrx_word' id='word_1_274' title='bbox 2063 4169 2387 4248; x_wconf 83' lang='lat' dir='ltr'><strong>Scoticum‚</strong></span> <span class='ocrx_word' id='word_1_275' title='bbox 2431 4163 2545 4233; x_wconf 85' lang='lat' dir='ltr'><strong>ubi</strong></span> <span class='ocrx_word' id='word_1_276' title='bbox 2573 4166 2752 4250; x_wconf 87' lang='lat' dir='ltr'><strong>oppi-</strong></span> 
     </span>
    </p>
   </div>
   <div class='ocr_carea' id='block_1_12' title="bbox 698 4254 2749 4428">
    <p class='ocr_par' dir='ltr' id='par_1_29' title="bbox 698 4254 2749 4428">
     <span class='ocr_line' id='line_1_46' title="bbox 698 4254 1352 4346; baseline 0.003 -26"><span class='ocrx_word' id='word_1_277' title='bbox 698 4254 855 4322; x_wconf 84' lang='lat' dir='ltr'><strong>dum</strong></span> <span class='ocrx_word' id='word_1_278' title='bbox 884 4260 955 4346; x_wconf 54' lang='lat' dir='ltr'><strong>S.</strong></span> <span class='ocrx_word' id='word_1_279' title='bbox 976 4259 1221 4339; x_wconf 83' lang='lat' dir='ltr'><strong>Joannis</strong></span> <span class='ocrx_word' id='word_1_280' title='bbox 1249 4256 1352 4322; x_wconf 88' lang='lat' dir='ltr'><strong>est.</strong></span> 
     </span>
     <span class='ocr_line' id='line_1_47' title="bbox 780 4343 2749 4428; baseline 0.009 -38"><span class='ocrx_word' id='word_1_281' title='bbox 780 4377 792 4390; x_wconf 93' lang='lat'><strong>.</strong></span> <span class='ocrx_word' id='word_1_282' title='bbox 2450 4343 2749 4428; x_wconf 63' lang='lat' dir='ltr'><strong>Gg‘feburn.</strong></span> 
     </span>
    </p>
   </div>
  </div>
 </body>
</html>
