<?xml version="1.0" encoding="UTF-8"?>
<!DOCTYPE html PUBLIC "-//W3C//DTD XHTML 1.0 Transitional//EN"
    "http://www.w3.org/TR/xhtml1/DTD/xhtml1-transitional.dtd">
<html xmlns="http://www.w3.org/1999/xhtml" xml:lang="en" lang="en">
 <head>
  <title>
</title>
<meta http-equiv="Content-Type" content="text/html;charset=utf-8" />
  <meta name='ocr-system' content='tesseract 3.04.00' />
  <meta name='ocr-capabilities' content='ocr_page ocr_carea ocr_par ocr_line ocrx_word'/>
</head>
<body>
  <div class='ocr_page' id='page_1' title='image "./joannislelandia19lelagoog_0139.png"; bbox 0 0 2963 4856; ppageno 0'>
   <div class='ocr_carea' id='block_1_1' title="bbox 347 184 2436 277">
    <p class='ocr_par' dir='ltr' id='par_1_1' title="bbox 347 184 2436 277">
     <span class='ocr_line' id='line_1_1' title="bbox 347 184 2436 277; baseline 0.002 -26"><span class='ocrx_word' id='word_1_1' title='bbox 347 184 1055 272; x_wconf 68' lang='lat' dir='ltr'>ANTIQUARH</span> <span class='ocrx_word' id='word_1_2' title='bbox 1099 185 1975 275; x_wconf 36' lang='lat' dir='ltr'>&#39;COLLECTANEA</span> <span class='ocrx_word' id='word_1_3' title='bbox 2311 204 2436 277; x_wconf 69' lang='lat'><strong>131</strong></span> 
     </span>
    </p>
   </div>
   <div class='ocr_carea' id='block_1_2' title="bbox 168 315 2424 4264">
    <p class='ocr_par' dir='ltr' id='par_1_2' title="bbox 168 315 2424 4264">
     <span class='ocr_line' id='line_1_2' title="bbox 234 315 1288 396; baseline -0.001 -12"><span class='ocrx_word' id='word_1_4' title='bbox 234 323 481 384; x_wconf 87' lang='lat' dir='ltr'>Homer.</span> <span class='ocrx_word' id='word_1_5' title='bbox 531 323 703 382; x_wconf 87' lang='lat' dir='ltr'><strong>Unus</strong></span> <span class='ocrx_word' id='word_1_6' title='bbox 731 317 1066 381; x_wconf 89' lang='lat' dir='ltr'><strong>multorum</strong></span> <span class='ocrx_word' id='word_1_7' title='bbox 1087 315 1288 396; x_wconf 77' lang='lat' dir='ltr'><strong>instar.</strong></span> 
     </span>
     <span class='ocr_line' id='line_1_3' title="bbox 230 400 1792 490; baseline 0.003 -19"><span class='ocrx_word' id='word_1_8' title='bbox 230 411 492 490; x_wconf 74' lang='lat' dir='ltr'><strong>Pittacus</strong></span> <span class='ocrx_word' id='word_1_9' title='bbox 517 422 620 469; x_wconf 87' lang='lat' dir='ltr'><strong>aut</strong></span> <span class='ocrx_word' id='word_1_10' title='bbox 645 407 852 470; x_wconf 88' lang='lat' dir='ltr'><strong>Solon.</strong></span> <span class='ocrx_word' id='word_1_11' title='bbox 901 400 1282 489; x_wconf 85' lang='lat' dir='ltr'><strong>Magistratus</strong></span> <span class='ocrx_word' id='word_1_12' title='bbox 1313 406 1518 470; x_wconf 71' lang='lat' dir='ltr'><strong>virum</strong></span> <span class='ocrx_word' id='word_1_13' title='bbox 1544 407 1792 474; x_wconf 81' lang='lat' dir='ltr'><strong>indicat.</strong></span> 
     </span>
     <span class='ocr_line' id='line_1_4' title="bbox 234 493 1313 577; baseline 0 -19"><span class='ocrx_word' id='word_1_14' title='bbox 234 498 491 561; x_wconf 73' lang='lat' dir='ltr'><strong>Plutarc.</strong></span> <span class='ocrx_word' id='word_1_15' title='bbox 537 499 654 557; x_wconf 89' lang='lat' dir='ltr'><strong>Res</strong></span> <span class='ocrx_word' id='word_1_16' title='bbox 686 493 852 577; x_wconf 88' lang='lat' dir='ltr'><strong>publ.</strong></span> <span class='ocrx_word' id='word_1_17' title='bbox 893 496 1090 556; x_wconf 84' lang='lat' dir='ltr'><strong>virum</strong></span> <span class='ocrx_word' id='word_1_18' title='bbox 1120 494 1313 559; x_wconf 86' lang='lat' dir='ltr'><strong>docet.</strong></span> 
     </span>
     <span class='ocr_line' id='line_1_5' title="bbox 226 580 1308 666; baseline -0.002 -19"><span class='ocrx_word' id='word_1_19' title='bbox 226 584 397 647; x_wconf 85' lang='lat' dir='ltr'>Tull:</span> <span class='ocrx_word' id='word_1_20' title='bbox 445 587 665 646; x_wconf 87' lang='lat' dir='ltr'>Emere</span> <span class='ocrx_word' id='word_1_21' title='bbox 695 580 854 644; x_wconf 88' lang='lat' dir='ltr'><strong>malo</strong></span> <span class='ocrx_word' id='word_1_22' title='bbox 876 601 1061 665; x_wconf 80' lang='lat' dir='ltr'><strong>quam</strong></span> <span class='ocrx_word' id='word_1_23' title='bbox 1084 602 1308 666; x_wconf 86' lang='lat' dir='ltr'><strong>rogare.</strong></span> 
     </span>
     <span class='ocr_line' id='line_1_6' title="bbox 228 669 1620 755; baseline 0 -21"><span class='ocrx_word' id='word_1_24' title='bbox 228 671 398 734; x_wconf 82' lang='lat' dir='ltr'>Tull:</span> <span class='ocrx_word' id='word_1_25' title='bbox 447 670 693 755; x_wconf 80' lang='lat' dir='ltr'>Dignus</span> <span class='ocrx_word' id='word_1_26' title='bbox 723 671 829 751; x_wconf 92' lang='lat' dir='ltr'><strong>qui</strong></span> <span class='ocrx_word' id='word_1_27' title='bbox 870 690 1009 731; x_wconf 89' lang='lat' dir='ltr'><strong>cum</strong></span> <span class='ocrx_word' id='word_1_28' title='bbox 1040 671 1098 731; x_wconf 90' lang='lat' dir='ltr'><strong>in</strong></span> <span class='ocrx_word' id='word_1_29' title='bbox 1131 669 1383 732; x_wconf 84' lang='lat' dir='ltr'><strong>tenebris</strong></span> <span class='ocrx_word' id='word_1_30' title='bbox 1414 672 1620 734; x_wconf 88' lang='lat' dir='ltr'><strong>mices.</strong></span> 
     </span>
     <span class='ocr_line' id='line_1_7' title="bbox 224 752 1371 839; baseline -0.001 -18"><span class='ocrx_word' id='word_1_31' title='bbox 224 761 544 823; x_wconf 82' lang='lat' dir='ltr'><strong>LucianuS.</strong></span> <span class='ocrx_word' id='word_1_32' title='bbox 590 755 781 820; x_wconf 84' lang='lat' dir='ltr'>Simia</span> <span class='ocrx_word' id='word_1_33' title='bbox 808 752 1029 839; x_wconf 85' lang='lat' dir='ltr'><strong>semper</strong></span> <span class='ocrx_word' id='word_1_34' title='bbox 1058 755 1141 819; x_wconf 89' lang='lat' dir='ltr'><strong>est</strong></span> <span class='ocrx_word' id='word_1_35' title='bbox 1180 756 1371 823; x_wconf 87' lang='lat' dir='ltr'><strong>fimia.</strong></span> 
     </span>
     <span class='ocr_line' id='line_1_8' title="bbox 583 842 1234 909; baseline 0 -2"><span class='ocrx_word' id='word_1_36' title='bbox 583 844 721 909; x_wconf 83' lang='lat' dir='ltr'><strong>Alia</strong></span> <span class='ocrx_word' id='word_1_37' title='bbox 749 845 870 906; x_wconf 85' lang='lat' dir='ltr'><strong>vita</strong></span> <span class='ocrx_word' id='word_1_38' title='bbox 898 842 1012 906; x_wconf 89' lang='lat' dir='ltr'><strong>alia</strong></span> <span class='ocrx_word' id='word_1_39' title='bbox 1036 844 1234 908; x_wconf 85' lang='lat' dir='ltr'><strong>diaeta.</strong></span> 
     </span>
     <span class='ocr_line' id='line_1_9' title="bbox 221 929 1534 999; baseline 0.002 -3"><span class='ocrx_word' id='word_1_40' title='bbox 221 935 470 998; x_wconf 86' lang='lat' dir='ltr'>Terent:</span> <span class='ocrx_word' id='word_1_41' title='bbox 519 932 817 996; x_wconf 85' lang='lat' dir='ltr'><strong>Omnium</strong></span> <span class='ocrx_word' id='word_1_42' title='bbox 844 952 1042 995; x_wconf 88' lang='lat' dir='ltr'><strong>rerum</strong></span> <span class='ocrx_word' id='word_1_43' title='bbox 1073 933 1401 997; x_wconf 83' lang='lat' dir='ltr'><strong>vicissitudo</strong></span> <span class='ocrx_word' id='word_1_44' title='bbox 1426 929 1534 999; x_wconf 85' lang='lat' dir='ltr'><strong>est.</strong></span> 
     </span>
     <span class='ocr_line' id='line_1_10' title="bbox 221 1017 1311 1103; baseline 0.001 -18"><span class='ocrx_word' id='word_1_45' title='bbox 221 1022 366 1086; x_wconf 89' lang='lat' dir='ltr'><strong>Plin:</strong></span> <span class='ocrx_word' id='word_1_46' title='bbox 415 1026 617 1085; x_wconf 88' lang='lat' dir='ltr'><strong>Nemo</strong></span> <span class='ocrx_word' id='word_1_47' title='bbox 644 1020 924 1083; x_wconf 89' lang='lat' dir='ltr'><strong>omnibus</strong></span> <span class='ocrx_word' id='word_1_48' title='bbox 953 1019 1117 1084; x_wconf 85' lang='lat' dir='ltr'><strong>horis</strong></span> <span class='ocrx_word' id='word_1_49' title='bbox 1143 1017 1311 1103; x_wconf 89' lang='lat' dir='ltr'><strong>sapit.</strong></span> 
     </span>
     <span class='ocr_line' id='line_1_11' title="bbox 216 1104 1335 1190; baseline 0 -17"><span class='ocrx_word' id='word_1_50' title='bbox 216 1113 460 1173; x_wconf 85' lang='lat' dir='ltr'>Homer.</span> <span class='ocrx_word' id='word_1_51' title='bbox 509 1105 730 1190; x_wconf 88' lang='lat' dir='ltr'><strong>Aspera</strong></span> <span class='ocrx_word' id='word_1_52' title='bbox 756 1106 896 1180; x_wconf 85' lang='lat' dir='ltr'><strong>vita,</strong></span> <span class='ocrx_word' id='word_1_53' title='bbox 942 1105 1041 1170; x_wconf 86' lang='lat' dir='ltr'><strong>sed</strong></span> <span class='ocrx_word' id='word_1_54' title='bbox 1071 1104 1335 1173; x_wconf 84' lang='lat' dir='ltr'><strong>salubris.</strong></span> 
     </span>
     <span class='ocr_line' id='line_1_12' title="bbox 216 1193 1310 1261; baseline 0.002 -2"><span class='ocrx_word' id='word_1_55' title='bbox 216 1200 423 1260; x_wconf 88' lang='lat' dir='ltr'>Horat:</span> <span class='ocrx_word' id='word_1_56' title='bbox 473 1199 749 1259; x_wconf 88' lang='lat' dir='ltr'><strong>Corvum</strong></span> <span class='ocrx_word' id='word_1_57' title='bbox 779 1193 991 1257; x_wconf 80' lang='lat' dir='ltr'><strong>delusit</strong></span> <span class='ocrx_word' id='word_1_58' title='bbox 1020 1195 1310 1261; x_wconf 82' lang='lat' dir='ltr'><strong>hiantem.</strong></span> 
     </span>
     <span class='ocr_line' id='line_1_13' title="bbox 215 1286 1156 1366; baseline 0 -19"><span class='ocrx_word' id='word_1_59' title='bbox 215 1288 463 1349; x_wconf 85' lang='lat' dir='ltr'><strong>Terent.</strong></span> <span class='ocrx_word' id='word_1_60' title='bbox 512 1288 690 1366; x_wconf 88' lang='lat' dir='ltr'><strong>Spem</strong></span> <span class='ocrx_word' id='word_1_61' title='bbox 721 1286 913 1364; x_wconf 90' lang='lat' dir='ltr'><strong>pretio</strong></span> <span class='ocrx_word' id='word_1_62' title='bbox 939 1303 1156 1347; x_wconf 89' lang='lat' dir='ltr'><strong>emere.</strong></span> 
     </span>
     <span class='ocr_line' id='line_1_14' title="bbox 211 1371 922 1457; baseline 0.003 -24"><span class='ocrx_word' id='word_1_63' title='bbox 211 1372 380 1457; x_wconf 86' lang='lat' dir='ltr'><strong>Virg.</strong></span> <span class='ocrx_word' id='word_1_64' title='bbox 425 1371 682 1434; x_wconf 83' lang='lat' dir='ltr'>Fuimus</span> <span class='ocrx_word' id='word_1_65' title='bbox 710 1373 922 1435; x_wconf 66' lang='lat' dir='ltr'><strong>TroeS.</strong></span> 
     </span>
     <span class='ocr_line' id='line_1_15' title="bbox 216 1454 1242 1542; baseline 0.002 -20"><span class='ocrx_word' id='word_1_66' title='bbox 216 1459 509 1542; x_wconf 83' lang='lat' dir='ltr'><strong>synefius.</strong></span> <span class='ocrx_word' id='word_1_67' title='bbox 561 1454 877 1528; x_wconf 81' lang='lat' dir='ltr'><strong>Leviffima</strong></span> <span class='ocrx_word' id='word_1_68' title='bbox 909 1480 1000 1522; x_wconf 62' lang='lat' dir='ltr'><strong>ree</strong></span> <span class='ocrx_word' id='word_1_69' title='bbox 1028 1457 1242 1524; x_wconf 88' lang='lat' dir='ltr'><strong>oratio.</strong></span> 
     </span>
     <span class='ocr_line' id='line_1_16' title="bbox 219 1546 1151 1630; baseline -0.001 -19"><span class='ocrx_word' id='word_1_70' title='bbox 219 1547 489 1612; x_wconf 86' lang='lat' dir='ltr'><strong>Tullius.</strong></span> <span class='ocrx_word' id='word_1_71' title='bbox 534 1548 756 1610; x_wconf 85' lang='lat' dir='ltr'><strong>Fontes</strong></span> <span class='ocrx_word' id='word_1_72' title='bbox 785 1546 894 1630; x_wconf 80' lang='lat' dir='ltr'><strong>ipsi</strong></span> <span class='ocrx_word' id='word_1_73' title='bbox 923 1546 1151 1611; x_wconf 82' lang='lat' dir='ltr'><strong>sitiunt.</strong></span> 
     </span>
     <span class='ocr_line' id='line_1_17' title="bbox 520 1633 1511 1719; baseline -0.002 -21"><span class='ocrx_word' id='word_1_74' title='bbox 520 1636 979 1718; x_wconf 88' lang='lat' dir='ltr'><strong>Compendiaria</strong></span> <span class='ocrx_word' id='word_1_75' title='bbox 1006 1655 1096 1698; x_wconf 89' lang='lat' dir='ltr'><strong>res</strong></span> <span class='ocrx_word' id='word_1_76' title='bbox 1132 1633 1511 1719; x_wconf 71' lang='lat' dir='ltr'><strong>improbitaS.</strong></span> 
     </span>
     <span class='ocr_line' id='line_1_18' title="bbox 526 1721 1206 1806; baseline 0.003 -22"><span class='ocrx_word' id='word_1_77' title='bbox 526 1724 623 1785; x_wconf 90' lang='lat' dir='ltr'><strong>Ne</strong></span> <span class='ocrx_word' id='word_1_78' title='bbox 651 1722 831 1785; x_wconf 80' lang='lat' dir='ltr'><strong>verba</strong></span> <span class='ocrx_word' id='word_1_79' title='bbox 861 1743 972 1806; x_wconf 90' lang='lat' dir='ltr'><strong>pro</strong></span> <span class='ocrx_word' id='word_1_80' title='bbox 999 1721 1206 1787; x_wconf 87' lang='lat' dir='ltr'><strong>farina.</strong></span> 
     </span>
     <span class='ocr_line' id='line_1_19' title="bbox 525 1811 1090 1875; baseline 0.004 -2"><span class='ocrx_word' id='word_1_81' title='bbox 525 1813 695 1873; x_wconf 84' lang='lat' dir='ltr'><strong>Mars</strong></span> <span class='ocrx_word' id='word_1_82' title='bbox 728 1811 1090 1875; x_wconf 74' lang='lat' dir='ltr'><strong>communiS.</strong></span> 
     </span>
     <span class='ocr_line' id='line_1_20' title="bbox 204 1894 1617 1983; baseline 0.002 -23"><span class='ocrx_word' id='word_1_83' title='bbox 204 1896 543 1980; x_wconf 87' lang='lat' dir='ltr'><strong>Menippus.</strong></span> <span class='ocrx_word' id='word_1_84' title='bbox 587 1895 791 1961; x_wconf 85' lang='lat' dir='ltr'><strong>Nescis</strong></span> <span class='ocrx_word' id='word_1_85' title='bbox 820 1898 972 1982; x_wconf 82' lang='lat' dir='ltr'><strong>quid</strong></span> <span class='ocrx_word' id='word_1_86' title='bbox 995 1894 1154 1961; x_wconf 89' lang='lat' dir='ltr'><strong>serus</strong></span> <span class='ocrx_word' id='word_1_87' title='bbox 1173 1896 1388 1983; x_wconf 72' lang='lat' dir='ltr'><strong>vesper</strong></span> <span class='ocrx_word' id='word_1_88' title='bbox 1413 1895 1617 1964; x_wconf 85' lang='lat' dir='ltr'><strong>vehat.</strong></span> 
     </span>
     <span class='ocr_line' id='line_1_21' title="bbox 207 1984 1072 2070; baseline 0.003 -22"><span class='ocrx_word' id='word_1_89' title='bbox 207 1984 527 2050; x_wconf 72' lang='lat' dir='ltr'><strong>LucianuS.</strong></span> <span class='ocrx_word' id='word_1_90' title='bbox 573 1988 837 2070; x_wconf 84' lang='lat' dir='ltr'>Euripus</span> <span class='ocrx_word' id='word_1_91' title='bbox 867 1987 1072 2052; x_wconf 86' lang='lat' dir='ltr'><strong>homo.</strong></span> 
     </span>
     <span class='ocr_line' id='line_1_22' title="bbox 572 2074 1423 2159; baseline 0.001 -21"><span class='ocrx_word' id='word_1_92' title='bbox 572 2077 631 2138; x_wconf 92' lang='lat' dir='ltr'>A</span> <span class='ocrx_word' id='word_1_93' title='bbox 656 2094 822 2157; x_wconf 79' lang='lat' dir='ltr'><strong>puro</strong></span> <span class='ocrx_word' id='word_1_94' title='bbox 830 2094 979 2157; x_wconf 87' lang='lat' dir='ltr'><strong>pura</strong></span> <span class='ocrx_word' id='word_1_95' title='bbox 1000 2074 1225 2159; x_wconf 90' lang='lat' dir='ltr'><strong>defluet</strong></span> <span class='ocrx_word' id='word_1_96' title='bbox 1245 2093 1423 2158; x_wconf 87' lang='lat' dir='ltr'><strong>aqua.</strong></span> 
     </span>
     <span class='ocr_line' id='line_1_23' title="bbox 205 2160 1290 2249; baseline 0.001 -26"><span class='ocrx_word' id='word_1_97' title='bbox 205 2160 467 2223; x_wconf 86' lang='lat' dir='ltr'><strong>Tertull:</strong></span> <span class='ocrx_word' id='word_1_98' title='bbox 516 2164 796 2249; x_wconf 85' lang='lat' dir='ltr'><strong>Tempus</strong></span> <span class='ocrx_word' id='word_1_99' title='bbox 823 2161 1027 2225; x_wconf 88' lang='lat' dir='ltr'><strong>omnia</strong></span> <span class='ocrx_word' id='word_1_100' title='bbox 1053 2165 1290 2226; x_wconf 84' lang='lat' dir='ltr'><strong>revelat.</strong></span> 
     </span>
     <span class='ocr_line' id='line_1_24' title="bbox 205 2249 1376 2335; baseline 0.002 -24"><span class='ocrx_word' id='word_1_101' title='bbox 205 2251 523 2331; x_wconf 84' lang='lat' dir='ltr'><strong>Tryphon.</strong></span> <span class='ocrx_word' id='word_1_102' title='bbox 569 2253 786 2334; x_wconf 88' lang='lat' dir='ltr'><strong>Neque</strong></span> <span class='ocrx_word' id='word_1_103' title='bbox 814 2249 951 2326; x_wconf 88' lang='lat' dir='ltr'><strong>mel,</strong></span> <span class='ocrx_word' id='word_1_104' title='bbox 995 2270 1191 2335; x_wconf 88' lang='lat' dir='ltr'><strong>neque</strong></span> <span class='ocrx_word' id='word_1_105' title='bbox 1216 2271 1376 2334; x_wconf 59' lang='lat' dir='ltr'><strong>apest</strong></span> 
     </span>
     <span class='ocr_line' id='line_1_25' title="bbox 204 2336 2275 2421; baseline 0.003 -24"><span class='ocrx_word' id='word_1_106' title='bbox 204 2337 447 2400; x_wconf 89' lang='lat' dir='ltr'><strong>Sueton.</strong></span> <span class='ocrx_word' id='word_1_107' title='bbox 493 2339 704 2401; x_wconf 87' lang='lat' dir='ltr'><strong>Artem</strong></span> <span class='ocrx_word' id='word_1_108' title='bbox 733 2336 960 2421; x_wconf 83' lang='lat' dir='ltr'><strong>quaevis</strong></span> <span class='ocrx_word' id='word_1_109' title='bbox 988 2338 1097 2402; x_wconf 90' lang='lat' dir='ltr'><strong>alit</strong></span> <span class='ocrx_word' id='word_1_110' title='bbox 1126 2355 1304 2403; x_wconf 85' lang='lat' dir='ltr'><strong>terra.</strong></span> <span class='ocrx_word' id='word_1_111' title='bbox 1517 2350 1545 2381; x_wconf 85' lang='lat'><em>⁰</em></span> <span class='ocrx_word' id='word_1_112' title='bbox 2179 2343 2275 2411; x_wconf 54' lang='grc' dir='ltr'><strong>ᾔ</strong></span> 
     </span>
     <span class='ocr_line' id='line_1_26' title="bbox 498 2422 1469 2514; baseline 0.003 -24"><span class='ocrx_word' id='word_1_113' title='bbox 498 2427 663 2490; x_wconf 88' lang='lat' dir='ltr'><strong>Mala</strong></span> <span class='ocrx_word' id='word_1_114' title='bbox 690 2426 854 2491; x_wconf 90' lang='lat' dir='ltr'><strong>ultro</strong></span> <span class='ocrx_word' id='word_1_115' title='bbox 873 2422 1107 2496; x_wconf 87' lang='lat' dir='ltr'><strong>adsunt.</strong></span> <span class='ocrx_word' id='word_1_116' title='bbox 1462 2506 1469 2514; x_wconf 20' lang='grc' dir='ltr'>η</span> 
     </span>
     <span class='ocr_line' id='line_1_27' title="bbox 201 2509 1499 2595; baseline 0 -18"><span class='ocrx_word' id='word_1_117' title='bbox 201 2509 534 2595; x_wconf 82' lang='lat' dir='ltr'><strong>AEschylus.</strong></span> <span class='ocrx_word' id='word_1_118' title='bbox 579 2515 940 2579; x_wconf 81' lang='lat' dir='ltr'><strong>obedientia</strong></span> <span class='ocrx_word' id='word_1_119' title='bbox 960 2512 1257 2580; x_wconf 89' lang='lat' dir='ltr'><strong>felicitatis</strong></span> <span class='ocrx_word' id='word_1_120' title='bbox 1284 2527 1499 2577; x_wconf 68' lang='lat' dir='ltr'><strong>mater.</strong></span> 
     </span>
     <span class='ocr_line' id='line_1_28' title="bbox 197 2598 1077 2669; baseline 0.005 -4"><span class='ocrx_word' id='word_1_121' title='bbox 197 2598 527 2669; x_wconf 80' lang='lat' dir='ltr'><strong>Pausanias.</strong></span> <span class='ocrx_word' id='word_1_122' title='bbox 573 2603 869 2668; x_wconf 76' lang='lat' dir='ltr'><strong>Adonidis</strong></span> <span class='ocrx_word' id='word_1_123' title='bbox 899 2603 1077 2669; x_wconf 88' lang='lat' dir='ltr'><strong>horti.</strong></span> 
     </span>
     <span class='ocr_line' id='line_1_29' title="bbox 571 2683 1896 2775; baseline -0.002 -21"><span class='ocrx_word' id='word_1_124' title='bbox 571 2687 786 2756; x_wconf 88' lang='lat' dir='ltr'><strong>Rosam</strong></span> <span class='ocrx_word' id='word_1_125' title='bbox 816 2711 959 2775; x_wconf 85' lang='lat' dir='ltr'><strong>quae</strong></span> <span class='ocrx_word' id='word_1_126' title='bbox 983 2690 1272 2774; x_wconf 69' lang='lat' dir='ltr'><strong>praeteriit</strong></span> <span class='ocrx_word' id='word_1_127' title='bbox 1298 2711 1376 2753; x_wconf 90' lang='lat' dir='ltr'><strong>ne</strong></span> <span class='ocrx_word' id='word_1_128' title='bbox 1402 2697 1636 2773; x_wconf 80' lang='lat' dir='ltr'><strong>quaeras</strong></span> <span class='ocrx_word' id='word_1_129' title='bbox 1651 2683 1896 2752; x_wconf 82' lang='lat' dir='ltr'><strong>iterum.</strong></span> 
     </span>
     <span class='ocr_line' id='line_1_30' title="bbox 199 2777 1303 2858; baseline -0.001 -19"><span class='ocrx_word' id='word_1_130' title='bbox 199 2777 441 2840; x_wconf 85' lang='lat' dir='ltr'><strong>Homer.</strong></span> <span class='ocrx_word' id='word_1_131' title='bbox 487 2777 801 2858; x_wconf 68' lang='lat' dir='ltr'><strong>Jaftantiae</strong></span> <span class='ocrx_word' id='word_1_132' title='bbox 831 2798 1029 2842; x_wconf 86' lang='lat' dir='ltr'><strong>comes</strong></span> <span class='ocrx_word' id='word_1_133' title='bbox 1059 2777 1303 2842; x_wconf 88' lang='lat' dir='ltr'><strong>invidia.</strong></span> 
     </span>
     <span class='ocr_line' id='line_1_31' title="bbox 201 2865 1322 2930; baseline 0.003 -4"><span class='ocrx_word' id='word_1_134' title='bbox 201 2866 491 2929; x_wconf 90' lang='lat' dir='ltr'><strong>Herodot:</strong></span> <span class='ocrx_word' id='word_1_135' title='bbox 542 2865 781 2930; x_wconf 83' lang='lat' dir='ltr'><strong>Praestat</strong></span> <span class='ocrx_word' id='word_1_136' title='bbox 808 2865 1168 2930; x_wconf 88' lang='lat' dir='ltr'><strong>invidiosum</strong></span> <span class='ocrx_word' id='word_1_137' title='bbox 1188 2865 1322 2929; x_wconf 74' lang='lat' dir='ltr'><strong>ess‘e.</strong></span> 
     </span>
     <span class='ocr_line' id='line_1_32' title="bbox 194 2951 1311 3038; baseline 0.002 -23"><span class='ocrx_word' id='word_1_138' title='bbox 194 2951 377 3016; x_wconf 88' lang='lat' dir='ltr'><strong>Plato.</strong></span> <span class='ocrx_word' id='word_1_139' title='bbox 425 2956 527 3017; x_wconf 91' lang='lat' dir='ltr'><strong>Bis</strong></span> <span class='ocrx_word' id='word_1_140' title='bbox 556 2969 739 3018; x_wconf 82' lang='lat' dir='ltr'><strong>aeter</strong></span> <span class='ocrx_word' id='word_1_141' title='bbox 762 2955 932 3038; x_wconf 92' lang='lat' dir='ltr'><strong>quod</strong></span> <span class='ocrx_word' id='word_1_142' title='bbox 963 2954 1311 3038; x_wconf 85' lang='lat' dir='ltr'><strong>pulchrum.</strong></span> 
     </span>
     <span class='ocr_line' id='line_1_33' title="bbox 196 3038 1009 3106; baseline 0.002 -4"><span class='ocrx_word' id='word_1_143' title='bbox 196 3038 433 3103; x_wconf 84' lang='lat' dir='ltr'><strong>Aristot.</strong></span> <span class='ocrx_word' id='word_1_144' title='bbox 480 3042 700 3105; x_wconf 90' lang='lat' dir='ltr'><strong>Nullus</strong></span> <span class='ocrx_word' id='word_1_145' title='bbox 729 3042 1009 3106; x_wconf 57' lang='lat' dir='ltr'><strong>delectu&amp;</strong></span> 
     </span>
     <span class='ocr_line' id='line_1_34' title="bbox 197 3127 2424 3214; baseline -0.001 -22"><span class='ocrx_word' id='word_1_146' title='bbox 197 3127 439 3192; x_wconf 76' lang='lat' dir='ltr'><strong>Aristot.</strong></span> <span class='ocrx_word' id='word_1_147' title='bbox 487 3131 694 3193; x_wconf 78' lang='lat' dir='ltr'><strong>Virtus</strong></span> <span class='ocrx_word' id='word_1_148' title='bbox 720 3129 994 3214; x_wconf 79' lang='lat' dir='ltr'><strong>slmplex.</strong></span> <span class='ocrx_word' id='word_1_149' title='bbox 1636 3169 1653 3180; x_wconf 83' lang='lat'><strong>·</strong></span> <span class='ocrx_word' id='word_1_150' title='bbox 2171 3136 2285 3207; x_wconf 73' lang='lat' dir='ltr'><strong>rag.</strong></span> <span class='ocrx_word' id='word_1_151' title='bbox 2311 3142 2424 3192; x_wconf 76' lang='lat'><strong>218.</strong></span> 
     </span>
     <span class='ocr_line' id='line_1_35' title="bbox 291 3218 1101 3282; baseline 0.002 -2"><span class='ocrx_word' id='word_1_152' title='bbox 291 3220 296 3226; x_wconf 87' lang='grc'>’</span> <span class='ocrx_word' id='word_1_153' title='bbox 476 3221 571 3280; x_wconf 91' lang='lat' dir='ltr'><strong>Ne</strong></span> <span class='ocrx_word' id='word_1_154' title='bbox 598 3235 841 3281; x_wconf 83' lang='lat' dir='ltr'><strong>moveto</strong></span> <span class='ocrx_word' id='word_1_155' title='bbox 865 3218 1101 3282; x_wconf 85' lang='lat' dir='ltr'><strong>lineam.</strong></span> 
     </span>
     <span class='ocr_line' id='line_1_36' title="bbox 191 3301 1485 3389; baseline -0.002 -23"><span class='ocrx_word' id='word_1_156' title='bbox 191 3302 445 3368; x_wconf 77' lang='lat' dir='ltr'><strong>Plutarcz</strong></span> <span class='ocrx_word' id='word_1_157' title='bbox 494 3304 831 3389; x_wconf 75' lang='lat' dir='ltr'><strong>AEqualitas</strong></span> <span class='ocrx_word' id='word_1_158' title='bbox 858 3305 1020 3369; x_wconf 88' lang='lat' dir='ltr'><strong>haud</strong></span> <span class='ocrx_word' id='word_1_159' title='bbox 1050 3301 1207 3388; x_wconf 85' lang='lat' dir='ltr'><strong>parit</strong></span> <span class='ocrx_word' id='word_1_160' title='bbox 1235 3301 1485 3379; x_wconf 86' lang='lat' dir='ltr'><strong>bellum.</strong></span> 
     </span>
     <span class='ocr_line' id='line_1_37' title="bbox 192 3384 1775 3479; baseline 0.004 -29"><span class='ocrx_word' id='word_1_161' title='bbox 192 3384 378 3456; x_wconf 82' lang='lat' dir='ltr'><strong>Plato.</strong></span> <span class='ocrx_word' id='word_1_162' title='bbox 421 3395 583 3479; x_wconf 83' lang='lat' dir='ltr'><strong>Qae</strong></span> <span class='ocrx_word' id='word_1_163' title='bbox 610 3413 731 3456; x_wconf 94' lang='lat' dir='ltr'><strong>non</strong></span> <span class='ocrx_word' id='word_1_164' title='bbox 761 3391 1003 3476; x_wconf 87' lang='lat' dir='ltr'><strong>posuisti</strong></span> <span class='ocrx_word' id='word_1_165' title='bbox 1032 3414 1107 3455; x_wconf 90' lang='lat' dir='ltr'><strong>ne</strong></span> <span class='ocrx_word' id='word_1_166' title='bbox 1136 3393 1325 3456; x_wconf 76' lang='lat' dir='ltr'><strong>tollas·</strong></span> <span class='ocrx_word' id='word_1_167' title='bbox 1756 3468 1775 3476; x_wconf 18' lang='grc' dir='ltr'>κ</span> 
     </span>
     <span class='ocr_line' id='line_1_38' title="bbox 193 3470 1985 3554; baseline -0.002 -14"><span class='ocrx_word' id='word_1_168' title='bbox 193 3478 465 3554; x_wconf 87' lang='lat' dir='ltr'><strong>Juvenal.</strong></span> <span class='ocrx_word' id='word_1_169' title='bbox 514 3483 641 3543; x_wconf 91' lang='lat' dir='ltr'><strong>Dat</strong></span> <span class='ocrx_word' id='word_1_170' title='bbox 667 3480 905 3548; x_wconf 85' lang='lat' dir='ltr'><strong>veniam</strong></span> <span class='ocrx_word' id='word_1_171' title='bbox 934 3483 1142 3553; x_wconf 83' lang='lat' dir='ltr'><strong>corvis,</strong></span> <span class='ocrx_word' id='word_1_172' title='bbox 1188 3493 1369 3542; x_wconf 85' lang='lat' dir='ltr'><strong>vexat</strong></span> <span class='ocrx_word' id='word_1_173' title='bbox 1384 3472 1626 3543; x_wconf 80' lang='lat' dir='ltr'><strong>censura</strong></span> <span class='ocrx_word' id='word_1_174' title='bbox 1653 3470 1985 3539; x_wconf 62' lang='lat' dir='ltr'><strong>columbas„</strong></span> 
     </span>
     <span class='ocr_line' id='line_1_39' title="bbox 191 3565 1276 3653; baseline 0.003 -26"><span class='ocrx_word' id='word_1_175' title='bbox 191 3565 442 3651; x_wconf 85' lang='lat' dir='ltr'><strong>Pythag.</strong></span> <span class='ocrx_word' id='word_1_176' title='bbox 487 3572 700 3651; x_wconf 83' lang='lat' dir='ltr'><strong>Ignem</strong></span> <span class='ocrx_word' id='word_1_177' title='bbox 722 3568 931 3653; x_wconf 83' lang='lat' dir='ltr'><strong>gladio</strong></span> <span class='ocrx_word' id='word_1_178' title='bbox 956 3590 1030 3633; x_wconf 91' lang='lat' dir='ltr'><strong>ne</strong></span> <span class='ocrx_word' id='word_1_179' title='bbox 1057 3566 1276 3632; x_wconf 82' lang='lat' dir='ltr'><strong>fodito.</strong></span> 
     </span>
     <span class='ocr_line' id='line_1_40' title="bbox 188 3652 914 3739; baseline 0.003 -21"><span class='ocrx_word' id='word_1_180' title='bbox 188 3652 435 3739; x_wconf 81' lang='lat' dir='ltr'><strong>Pythag.</strong></span> <span class='ocrx_word' id='word_1_181' title='bbox 483 3660 608 3720; x_wconf 90' lang='lat' dir='ltr'><strong>Cor</strong></span> <span class='ocrx_word' id='word_1_182' title='bbox 638 3676 715 3720; x_wconf 91' lang='lat' dir='ltr'><strong>ne</strong></span> <span class='ocrx_word' id='word_1_183' title='bbox 732 3657 914 3720; x_wconf 80' lang='lat' dir='ltr'><strong>edito.</strong></span> 
     </span>
     <span class='ocr_line' id='line_1_41' title="bbox 186 3737 1567 3827; baseline 0.003 -24"><span class='ocrx_word' id='word_1_184' title='bbox 186 3743 488 3806; x_wconf 21' lang='lat' dir='ltr'><strong>Socrates..</strong></span> <span class='ocrx_word' id='word_1_185' title='bbox 519 3743 840 3827; x_wconf 87' lang='lat' dir='ltr'><strong>Optimum</strong></span> <span class='ocrx_word' id='word_1_186' title='bbox 866 3741 1332 3818; x_wconf 87' lang='lat' dir='ltr'><strong>condimentum</strong></span> <span class='ocrx_word' id='word_1_187' title='bbox 1358 3737 1567 3807; x_wconf 85' lang='lat' dir='ltr'><strong>fames.</strong></span> 
     </span>
     <span class='ocr_line' id='line_1_42' title="bbox 189 3828 1483 3916; baseline 0.002 -25"><span class='ocrx_word' id='word_1_188' title='bbox 189 3831 420 3895; x_wconf 87' lang='lat' dir='ltr'><strong>Seneca.</strong></span> <span class='ocrx_word' id='word_1_189' title='bbox 469 3828 572 3896; x_wconf 83' lang='lat' dir='ltr'><strong>Bis</strong></span> <span class='ocrx_word' id='word_1_190' title='bbox 600 3831 704 3893; x_wconf 85' lang='lat' dir='ltr'><strong>dat</strong></span> <span class='ocrx_word' id='word_1_191' title='bbox 732 3833 840 3916; x_wconf 90' lang='lat' dir='ltr'><strong>qui</strong></span> <span class='ocrx_word' id='word_1_192' title='bbox 870 3831 994 3895; x_wconf 88' lang='lat' dir='ltr'><strong>cito</strong></span> <span class='ocrx_word' id='word_1_193' title='bbox 1020 3830 1146 3893; x_wconf 89' lang='lat' dir='ltr'><strong>dat.</strong></span> <span class='ocrx_word' id='word_1_194' title='bbox 1478 3883 1483 3885; x_wconf 22' lang='grc' dir='ltr'><em>ψ</em></span> 
     </span>
     <span class='ocr_line' id='line_1_43' title="bbox 188 3914 1511 4002; baseline 0 -24"><span class='ocrx_word' id='word_1_195' title='bbox 188 3915 503 3982; x_wconf 78' lang='lat' dir='ltr'><strong>Ausonius,</strong></span> <span class='ocrx_word' id='word_1_196' title='bbox 550 3923 801 3983; x_wconf 85' lang='lat' dir='ltr'><strong>Promus</strong></span> <span class='ocrx_word' id='word_1_197' title='bbox 829 3916 1020 4002; x_wconf 80' lang='lat' dir='ltr'><strong>magis</strong></span> <span class='ocrx_word' id='word_1_198' title='bbox 1045 3938 1227 4002; x_wconf 89' lang='lat' dir='ltr'><strong>quam</strong></span> <span class='ocrx_word' id='word_1_199' title='bbox 1256 3914 1511 3982; x_wconf 73' lang='lat' dir='ltr'><strong>conduS.</strong></span> 
     </span>
     <span class='ocr_line' id='line_1_44' title="bbox 168 3999 1836 4092; baseline 0.001 -27"><span class='ocrx_word' id='word_1_200' title='bbox 168 3999 420 4068; x_wconf 76' lang='lat' dir='ltr'><strong>&#39;Terentt</strong></span> <span class='ocrx_word' id='word_1_201' title='bbox 471 4003 854 4091; x_wconf 88' lang='lat' dir='ltr'><strong>Obsequium</strong></span> <span class='ocrx_word' id='word_1_202' title='bbox 892 4006 1134 4083; x_wconf 72' lang='lat' dir='ltr'><strong>amima,</strong></span> <span class='ocrx_word' id='word_1_203' title='bbox 1179 4004 1394 4092; x_wconf 77' lang='lat' dir='ltr'><strong>veritas</strong></span> <span class='ocrx_word' id='word_1_204' title='bbox 1419 4003 1630 4068; x_wconf 87' lang='lat' dir='ltr'><strong>odium</strong></span> <span class='ocrx_word' id='word_1_205' title='bbox 1660 3999 1836 4089; x_wconf 73' lang='lat' dir='ltr'><strong>parit.</strong></span> 
     </span>
     <span class='ocr_line' id='line_1_45' title="bbox 183 4093 1089 4157; baseline 0.002 -2"><span class='ocrx_word' id='word_1_206' title='bbox 183 4093 525 4156; x_wconf 84' lang='lat' dir='ltr'><strong>Athenaeus.</strong></span> <span class='ocrx_word' id='word_1_207' title='bbox 576 4097 659 4156; x_wconf 81' lang='lat' dir='ltr'><strong>In&#39;</strong></span> <span class='ocrx_word' id='word_1_208' title='bbox 681 4096 825 4157; x_wconf 84' lang='lat' dir='ltr'><strong>vino</strong></span> <span class='ocrx_word' id='word_1_209' title='bbox 851 4093 1089 4157; x_wconf 78' lang='lat' dir='ltr'><strong>veritas,</strong></span> 
     </span>
     <span class='ocr_line' id='line_1_46' title="bbox 187 4179 1464 4264; baseline 0.001 -19"><span class='ocrx_word' id='word_1_210' title='bbox 187 4180 451 4245; x_wconf 87' lang='lat' dir='ltr'><strong>Tullius.</strong></span> <span class='ocrx_word' id='word_1_211' title='bbox 501 4183 726 4247; x_wconf 89' lang='lat' dir='ltr'><strong>Libero</strong></span> <span class='ocrx_word' id='word_1_212' title='bbox 752 4183 911 4246; x_wconf 71' lang='lat' dir='ltr'><strong>lecto</strong></span> <span class='ocrx_word' id='word_1_213' title='bbox 939 4181 1088 4247; x_wconf 86' lang='lat' dir='ltr'><strong>nihil</strong></span> <span class='ocrx_word' id='word_1_214' title='bbox 1108 4179 1464 4264; x_wconf 78' lang='lat' dir='ltr'><strong>jucundius.</strong></span> 
     </span>
    </p>
   </div>
   <div class='ocr_carea' id='block_1_3' title="bbox 182 4266 2157 4429">
    <p class='ocr_par' dir='ltr' id='par_1_3' title="bbox 182 4266 2157 4429">
     <span class='ocr_line' id='line_1_47' title="bbox 182 4266 1281 4352; baseline 0.001 -19"><span class='ocrx_word' id='word_1_215' title='bbox 182 4266 413 4341; x_wconf 78' lang='lat' dir='ltr'><strong>Terent.</strong></span> <span class='ocrx_word' id='word_1_216' title='bbox 463 4269 661 4349; x_wconf 79' lang='lat' dir='ltr'><strong>Vixit,</strong></span> <span class='ocrx_word' id='word_1_217' title='bbox 705 4271 859 4339; x_wconf 88' lang='lat' dir='ltr'><strong>dum</strong></span> <span class='ocrx_word' id='word_1_218' title='bbox 887 4268 1061 4352; x_wconf 75' lang='lat' dir='ltr'><strong>vixit,</strong></span> <span class='ocrx_word' id='word_1_219' title='bbox 1109 4271 1281 4334; x_wconf 88' lang='lat' dir='ltr'><strong>bene.</strong></span> 
     </span>
     <span class='ocr_line' id='line_1_48' title="bbox 705 4346 2157 4429; baseline 0.01 -23"><span class='ocrx_word' id='word_1_220' title='bbox 705 4393 712 4406; x_wconf 82' lang='lat'><strong>.</strong></span> <span class='ocrx_word' id='word_1_221' title='bbox 1137 4362 1197 4424; x_wconf 84' lang='lat' dir='ltr'>R</span> <span class='ocrx_word' id='word_1_222' title='bbox 1243 4376 1288 4429; x_wconf 79' lang='lat'><em>2</em></span> <span class='ocrx_word' id='word_1_223' title='bbox 1796 4346 2157 4419; x_wconf 61' lang='lat' dir='ltr'><strong>Atllenaem·</strong></span> 
     </span>
    </p>
   </div>
  </div>
 </body>
</html>
