2963 4856
523 224 646 274 120

474 357 589 435 i’ag.
617 372 728 427 189

659 712 710 786 Ἥ

472 3441 587 3509 Pag.
615 3456 724 3504 190.

1100 192 2459 282 JOANNISLELANDI

950 332 1004 399 Ε
1023 336 1262 422 quodam
1288 358 1415 419 reg
1395 337 1547 415 stro
1573 332 1717 418 sve
1745 336 1929 400 indice
1954 337 2289 402 bibliothecae
2306 341 2600 403 Cantuar:

844 427 1175 489 Trastatus
1196 425 1481 502 Gilberti‚
1530 421 1788 509 episcopi
1819 425 2100 490 London.
2146 409 2331 534 suff?
2343 426 2527 505 istud,
2578 433 2813 493 “Sunt

756 513 894 580 duae
923 513 1158 577 olivae.''

843 607 954 667 lvo
984 605 1301 665 Carnoten·
1334 601 1409 664 de
1438 602 1685 664 veritate
1716 574 2218 667 sacramentorum
2230 600 2452 666 Christi
2476 600 2534 665 &
2557 603 2764 669 eccles:

844 689 1160 755 Albericus
1192 692 1268 753 de
1291 706 1586 773 computo
1615 690 1792 755 lunae.

841 780 1109 843 Libellus
1136 780 1314 841 Bedae
1344 782 1420 841 de
1449 779 1894 842 Arithmetrica.

843 866 1175 931 Balduinus
1198 870 1488 930 Cantuar:
1519 865 1593 928 de
1616 863 1779 928 sestis
1813 864 2075 929 haeretic:

840 954 1204 1019 Benedictus
1248 956 1579 1018 monachus
1629 955 1708 1018 de
1751 960 2060 1039 computo.
2150 952 2435 1035 Ejusdem
2461 953 2704 1061 libellus
2734 954 2810 1020 de

755 1059 1081 1128 augmento
1111 1045 1169 1104 &
1203 1043 1557 1106 detrimento
1586 1042 1770 1105 lunae.

830 1136 936 1195 M.
986 1134 1064 1192 R.
1098 1130 1282 1194 Pluto
1331 1129 1587 1194 versifice
1618 1132 1693 1194 de
1738 1128 1975 1195 summo
2002 1130 2187 1195 bono·
2224 1129 2464 1207 Liber
2511 1127 2805 1211 ejusdem,

755 1220 933 1283 Unde
963 1220 1210 1286 malum.

840 1307 1009 1370 Idem
1038 1306 1112 1369 de
1139 1306 1428 1391 gradibus
1459 1307 1775 1371 virtutum.

838 1395 1010 1459 Idem
1041 1395 1119 1458 de
1145 1397 1494 1479 virginitate.

839 1483 1012 1546 Idem
1036 1484 1111 1547 de
1140 1484 1303 1548 bono
1325 1484 1565 1547 mortiS.

840 1571 1010 1634 Idem
1040 1572 1270 1634 deloco
1290 1573 1347 1633 &
1379 1588 1667 1653 tempore.

837 1657 1024 1722 Liber
1050 1680 1259 1743 regum
1292 1656 1607 1724 Baldwini.
1669 1692 1674 1697 ·

842 1746 1239 1829 Epitaphium
1272 1750 1334 1811 S.
1366 1744 1651 1811 Anselmi.

840 1834 1142 1898 Martinus
1173 1836 1248 1897 de
1275 1856 1339 1913 4.
1364 1833 1710 1900 virtutibus,

842 1921 1123 2005 Epistolae
1153 1924 1513 2005 Symmachi.
2413 1974 2416 1979 ,

837 2009 1108 2093 Epistola
1135 2012 1410 2076 Gualteri
1443 2013 1519 2073 de
1551 2009 1905 2072 Mauritania
1934 2008 2008 2071 ad
2041 1968 2378 2093 Hugonem.

841 2097 1094 2161 Omeliae
1118 2101 1363 2162 Hucarii
1396 2099 1664 2162 Levitae
1650 2118 1709 2158 1n
1740 2098 1951 2160 diebus
1977 2098 2309 2159 Dominicis
2336 2098 2393 2160 ὅτ
2419 2097 2757 2182 praecipuiS.

758 2218 761 2225 ·
843 2185 1111 2250 Historia
1137 2187 1469 2271 Anglicana
1498 2205 1686 2249 vetus,
1734 2186 1897 2269 apud
1929 2185 2320 2249 Talebotum.

795 2275 1144 2357 Sententia
1172 2277 1342 2360 probi
1366 2277 2300 2355 judicie..

840 2361 1110 2445 Epistola
1135 2364 1417 2427 Eucherii
1438 2362 1694 2447 episcopi
1726 2362 1803 2424 de
1834 2360 1948 2423 s1tu
1975 2362 2202 2441 Judeae.
2289 2424 2292 2425 a

843 2453 1144 2517 Chronica
1177 2454 1416 2532 Jordani
1438 2451 1696 2536 episcopi
1717 2454 2111 2514 Ravennatem
2145 2451 2222 2515 de
2251 2450 2425 2517 rebus
2451 2450 2632 2536 gestis
2649 2410 2799 2530 Got-

758 2540 1028 2605 thorum.

840 2628 1215 2692 Itinerarium
1253 2630 1566 2713 Antonini,

843 2717 1259 2799 Expositiones
1288 2715 1559 2780 Oodonis
1582 2713 1753 2798 super
1784 2731 1902 2779 vet:
1931 2713 2155 2778 testam:

841 2807 1163 2867 Suetonius
1189 2817 1268 2867 1⁸.
1304 2805 1377 2867 de
1408 2802 1585 2888 gestis
1615 2805 1826 2887 imper:

798 2902 802 2907 '
844 2895 1167 2955 Suetonius
1196 2891 1508 2955 secundus·

841 2981 1138 3044 Chronica
1168 2979 1402 3043 Eusebii
1438 2979 1785 3043 SalamoniS.

840 3069 1140 3131 Chronica
1168 3068 1453 3148 Gervafii,
1500 3069 1779 3130 monach:
1827 3070 2111 3130 Cantuar:

841 3156 1103 3219 Historia
1132 3158 1466 3230 Hibernica,
1516 3157 1724 3217 autore
1756 3155 2032 3220 Giraldo.

827 3243 1099 3315 ,Historia
1129 3246 1436 3326 Radulphi
1467 3245 1541 3305 de
1571 3242 1808 3306 Dicet0.
1917 3251 1924 3260 '

842 3333 1154 3395 Sermones
1178 3332 1424 3406 Elmeri‚
1474 3329 1694 3394 Prioris
1713 3334 1998 3394 Cantuar:

843 3419 1186 3502 Triphonia
1214 3419 1491 3483 ecclesiae.

839 3495 1069 3574 Musica
1100 3509 1445 3570 Salamonis.

836 3583 1434 3674 JoanzDamaseen11s
1457 3593 1533 3656 ad
1568 3595 1771 3676 Tegni
1796 3592 2038 3656 Caleni.

826 3682 1174 3766 Aphorismi
1207 3688 1381 3763 Joan.
1416 3678 1782 3746 Damasceni.

833 3771 1081 3856 Isagoge
1113 3776 1283 3850 Joan·
1313 3766 1683 3835 Damasceni.
2081 3809 2085 3815 -
2741 3817 2752 3827 ,

830 3860 1170 3923 Alexander
1195 3858 1467 3944 Sophista
1500 3858 1576 3921 de
1597 3856 1890 3921 medicina
1918 3853 2196 3964 omnium
2225 3853 2642 3918 membrorum
2664 3874 2796 3919 cot·

751 3949 911 4031 poris
942 3949 1212 4014 humani.

832 4039 934 4082 α*
957 4036 1226 4099 Genetiae
1244 4035 1579 4118 Cleopatrae
1603 4031 1679 4096 ad
1706 4032 2119 4096 Theodatam.
2205 4049 2212 4058 ·

829 4123 1013 4187 Liber
1049 4123 1374 4187 Aristarchi
1402 4124 1458 4186 &
1490 4121 1643 4201 Justi
1674 4121 1892 4184 medie.
1925 4121 2181 4183 tractans
2211 4118 2287 4184 de
2308 4117 2672 4205 virginibus·

562 4216 708 4288 n*-
826 4210 1013 4276 Liber
1035 4212 1286 4277 Aluredi
1317 4212 1391 4277 de
1421 4209 1820 4275 custodiendis
1850 4209 2248 4293 accipitribus,
2291 4253 2292 4258 η

908 4397 1055 4464 7·
1254 4333 1271 4354 ’
1458 4315 1617 4377 ‘⁸⁵²⁶’
1651 4310 1984 4379 ‘uwstcsffi
2351 4357 2362 4367 ’
2612 4372 2802 4445 mber
