2963 4856
556 215 655 309 pe
693 215 881 283 Rebus
913 212 1258 299 Anglicapis
1297 213 1573 299 OpffuJa
1611 218 1826 299 Varia.
2382 239 2412 283 1
2425 240 2506 299 77

196 396 201 403 -
237 348 388 413 Una
417 345 617 448 imago
634 369 815 414 aurea
838 349 1021 413 unius
1043 348 1196 432 regis
1220 369 1361 412 cum
1391 349 1575 414 bales.
1606 350 1671 412 in
1704 341 1966 433 pestere,
1997 352 2058 415 8(
2083 353 2217 417 aliis

151 432 461 521 lapidibus
487 440 734 501 mmutis
764 432 1043 521 ponderis
1070 439 1286 523 quinq;
1310 458 1499 502 marc.
1517 437 1656 507 ,duo
1679 437 1845 503 solid.
1875 439 1976 505 sex
1996 442 2207 505 denar.

148 526 328 610 pret-ij
361 524 748 609 quadragint.
780 526 839 588 Sc
871 524 1011 613 9610
1038 523 1178 588 libr.
1434 606 1439 609 ,
1809 576 1814 582 .
2050 584 2058 591 .

196 608 217 625 “’
240 610 395 683 ,Una
418 614 622 697 imago
650 606 829 677 unius
851 606 1006 703 regis
1036 614 1285 677 tenentis
1313 613 1374 676 in
1400 634 1580 677 manu
1603 613 1812 677 dextra
1825 613 2038 681 florem
2067 637 2213 681 cum

150 696 377 782 saphir.
403 696 875 785 smaragdinibus
894 698 952 763 in
971 702 1173 764 medio
1198 691 1455 778 coronae,
1489 706 1546 765 &
1565 723 1776 786 magna
1791 722 2037 786 granata
2067 707 2128 767 in
2147 708 2210 769 &

149 787 423 890 petitore,
470 790 648 873 perlis
678 790 735 854 &
763 789 890 878 aliis
918 791 1167 875 minutis
1192 789 1492 874 lapidibus
1523 805 1639 851 tam
1669 794 1729 853 in
1766 811 1985 855 corona
2013 814 2202 876 quam

148 897 215 938 m
244 897 500 960 corpore
546 876 819 960 ponderis
860 879 1074 961 quiuq3
1107 898 1287 941 marc.
1323 881 1540 967 qninq;
1572 875 1742 959 solid.
1773 883 1832 944 ὅτ
1860 881 2063 963 decem
2095 881 2208 944 de·.

148 981 278 1031 nar.
312 967 488 1049 pretij
520 967 945 1056 quinquagint.
974 966 1101 1028 duo
1127 965 1261 1029 libr.

165 1043 181 1061 ⁸
241 1052 385 1116 Una
414 1055 615 1138 imago
644 1057 799 1141 regis
827 1072 1005 1117 aurea
1032 1044 1172 1117 cum
1202 1048 1449 1136 saphiris
1476 1053 1538 1116 in
1560 1052 1811 1136 pestere,
1858 1054 1917 1118 δε
1943 1051 2197 1140 smarag-

148 1137 405 1231 dinibus
429 1143 487 1205 81
519 1142 700 1207 hales,
744 1144 809 1206 in
840 1143 1038 1229 medio
1066 1162 1321 1216 coronae,
1367 1142 1427 1204 ὅτ
1468 1139 1689 1225 saphir.
1742 1144 1799 1204 ἃ
1828 1132 2086 1225 garnatis
2132 1144 2197 1207 in

150 1224 379 1307 <intona
426 1228 484 1294 &
513 1230 669 1295 circa
715 1250 935 1314 corpus
956 1230 1249 1314 ‚ponderis
1287 1230 1505 1314 quinq3
1544 1250 1727 1293 marc.
1778 1250 1987 1293 novem
2028 1229 2203 1296 solid.

146 1304 400 1473 ἔιᾶοξὲρ
438 1314 647 1401 denar.
687 1320 858 1405 pretij
902 1319 1330 1404 quinquagint.
1360 1338 1578 1401 novem
1606 1318 1748 1384 libr.
1799 1315 1899 1401 sex
1931 1315 2099 1383 solid.
2137 1322 2199 1383 81

253 1427 294 1473 o
369 1427 529 1470 enar.

171 1484 182 1498 '
218 1486 476 1585 ‘Qinq;
507 1494 704 1581 angeli
730 1496 895 1581 aurei
912 1484 1195 1581 ‘ponderis
1225 1494 1410 1559 trium
1451 1482 1699 1577 marcar.
1730 1507 1996 1578 quatuor
2022 1492 2200 1573 solid.

148 1580 325 1665 pretij
368 1584 595 1668 trigint.
628 1583 765 1665 libr.
1430 1630 1435 1633 2
1645 1626 1650 1630 -

200 1664 213 1677 ⁴
242 1666 381 1733 Una
411 1670 607 1755 imago
645 1671 835 1741 beatae
862 1671 1071 1755 Mariae
1099 1691 1239 1735 cum
1280 1668 1407 1755 filio
1434 1682 1713 1731 coronata
1741 1690 1849 1753 per
1876 1670 2198 1736 circuitum

149 1769 275 1819 tam
306 1756 370 1820 in
399 1761 656 1833 coronis,
702 1748 890 1841 qu'am
919 1761 978 1821 in
1007 1758 1139 1840 alijs
1164 1757 1441 1820 membris
1461 1775 1601 1818 cum
1627 1756 1899 1831 rubettis,
1940 1755 2199 1842 smarag-

146 1844 411 1922 dinibus,
438 1843 700 1929 saphim,
721 1854 777 1908 δε
809 1844 1105 1929 garnatis:
1138 1847 1414 1930 ponderis
1434 1840 1656 1928 septem
1682 1864 1867 1908 marc.
1887 1842 2197 1910 sexdecem

145 1931 357 1996 denar.
385 1932 559 2017 pretij
591 1933 814 1997 ducent
842 1934 977 1997 libr.

240 2021 379 2083 Una
423 2022 622 2105 imago
665 2019 847 2083 unius
874 2023 1049 2105 2regis
1096 2039 1274 2084 aurea
1317 2020 1567 2107 tenentis
1594 2015 1882 2083 feretrum
1919 2018 1982 2084 in
2012 2040 2198 2085 manu
2243 2095 2248 2099 ⁴

144 2104 256 2173 sua
304 2130 409 2191 per
436 2111 761 2172 circuitum
790 2109 972 2175 hales.
1003 2106 1247 2192 saphiris
1277 2108 1563 2191 pulchri3‚
1608 2107 1666 2170 &
1693 2109 1762 2169 ‘in
1806 2127 2025 2171 corona
2051 2129 2193 2171 cum

143 2194 407 2260 rubettis
444 2196 502 2260 &
539 2193 736 2261 esmal.
794 2196 1067 2278 ponderis
1093 2199 1314 2280 quinq3
1368 2215 1528 2259 marc
1573 2197 1795 2279 quinq;
1848 2193 2016 2261 solid.
2068 2195 2198 2260 duo

143 2283 355 2348 denar.
391 2285 559 2366 pretij
591 2303 727 2347 cent
756 2285 816 2346 8c
855 2285 1039 2348 trium
1063 2285 1201 2349 libr.
1294 2287 1465 2358 Item,
1747 2322 1756 2329 -

233 2375 446 2457 Imago
476 2373 651 2436 unius
691 2372 846 2456 regis
877 2374 1125 2437 tenentis
1155 2371 1402 2435 chamah
1433 2390 1572 2433 cum
1603 2367 1842 2432 duobus
1886 2368 2192 2452 capitibus

142 2461 210 2525 in
252 2482 378 2523 una
424 2481 631 2536 manu,
678 2462 738 2523 in
785 2461 898 2523 alia
932 2459 1227 2543 sceptrum
1257 2479 1396 2526 cum
1423 2459 1602 2523 hales.
1641 2456 1883 2540 prasinis
1922 2457 1980 2520 ἃ
2013 2459 2191 2541 perlis

140 2569 255 2634 per
299 2547 616 2612 circuitum
646 2548 926 2632 ponderis
969 2546 1189 2632 septem
1216 2569 1403 2612 marc.
1446 2547 1648 2610 decem
1677 2542 1849 2609 solid.
1886 2545 1945 2609 &
1981 2545 2191 2613 decem

141 2636 352 2702 denar.
385 2636 555 2720 pretij
584 2651 824 2700 centum
852 2636 989 2701 libr.

230 2726 367 2786 Una
410 2725 613 2808 imago
665 2724 865 2787 Sansti
894 2724 1049 2788 Petri
1081 2725 1331 2787 tenentis
1376 2723 1437 2786 in
1484 2740 1605 2785 una
1650 2739 1830 2783 manu
1861 2720 2188 2800 ecclesiam,

141 2811 210 2877 in
251 2812 366 2873 alia
409 2811 621 2891 claves,
666 2812 727 2873 &
770 2811 1050 2875 calcantis
1096 2816 1395 2875 Neronem
1444 2830 1588 2872 cum
1626 2806 1863 2891 saphiro
1894 2809 2093 2891 grosso
2126 2814 2190 2877 in

139 2899 407 2985 pestere,
454 2902 514 2962 &
555 2899 618 2963 in
646 2901 898 2963 cIrcuitu
928 2920 1068 2964 cum
1099 2897 1344 2982 prasinis
1373 2899 1549 2981 perlis
1576 2896 1633 2960 &
1660 2895 1876 2980 saphir.
1909 2897 2194 2981 ponderis

138 3008 354 3052 novem
384 3008 562 3054 marc.
591 2988 649 3050 &
671 3004 928 3071 quatuor
958 2984 1124 3050 solid.
1152 2987 1319 3070 pretij
1350 2994 1508 3049 ce'nt.
1542 2983 1683 3049 libr.

230 3079 370 3137 Una
398 3073 664 3156 majestas
693 3096 866 3139 aurea
906 3076 967 3138 in
996 3073 1164 3156 capsa
1205 3073 1400 3158 lignea
1429 3093 1570 3136 cum
1609 3069 2001 3154 pulcherrima
2031 3069 2181 3135 sma·
2231 3119 2234 3126 2

138 3164 392 3249 ragdine
408 3164 471 3225 in
492 3163 730 3247 pestore
757 3185 865 3246 per
887 3164 1221 3236 circuitum,
1253 3182 1394 3224 cum
1418 3157 1882 3242 smaragdinibus
1912 3161 1973 3221 8τ
2000 3161 2180 3242 perlis

139 3253 204 3314 in
233 3271 479 3327 corona,
503 3272 638 3314 cum
661 3250 915 3314 chamah
945 3249 1191 3334 prafinis
1221 3252 1279 3311 δε
1301 3249 1518 3330 saphir.
1550 3268 1654 3329 per
1675 3245 1995 3309 circuitum
2028 3269 2181 3330 pon·

136 3338 298 3402 deris
343 3338 547 3404 decem
590 3359 774 3405 marc.
821 3335 1042 3422 septem
1088 3336 1258 3400 solid.
1307 3333 1406 3398 sex
1453 3335 1663 3399 denar.
1707 3335 1883 3417 pretij
1929 3335 2182 3403 ducent.

135 3427 278 3492 libr.

226 3520 465 3578 Aurum
506 3514 566 3575 in
608 3513 736 3578 licis
785 3535 924 3578 cum
961 3511 1235 3588 chamah,
1294 3511 1571 3595 ponderis
1620 3507 1766 3573 osto
1801 3528 1988 3572 marc.
2035 3508 2183 3574 osto

133 3598 312 3669 solid.
361 3605 421 3665 8c
450 3616 714 3686 quatuor
743 3603 947 3667 denar.
990 3603 1162 3685 pretij
1191 3621 1430 3664 centum
1461 3602 1518 3662 8<
1547 3598 1888 3684 duodecem?
1909 3595 2045 3662 libr.

227 3693 405 3762 Unus
430 3688 694 3774 saphirus
720 3690 1172 3774 pulcherrimus»,
1205 3689 1485 3773 ponderis
1509 3687 1891 3772 quadragint.
1915 3686 2041 3749 duo
2069 3682 2172 3750 de·

133 3798 264 3846 nar.
287 3779 458 3861 pretij
490 3793 649 3843 cent.
681 3799 861 3842 marc.
1823 3799 1840 3812 ‘
1910 3797 1915 3802 ·

219 3870 376 3950 Item
404 3867 532 3946 alijs
558 3863 803 3947 saphiris
833 3865 1002 3949 pretij
1032 3865 1235 3929 decem
1265 3884 1449 3928 marc.

220 3943 373 4016 item
404 3950 856 4035 unus'saphirus
890 3955 1060 4036 pretij
1094 3955 1307 4035 quinq;
1339 3972 1522 4014 marc.

219 4045 379 4104 Item
408 4039 509 4104 sex
537 4036 801 4123 saphirus
829 4045 1001 4124 pretij
1031 4041 1233 4104 decem
1260 4039 1401 4103 libr.
1428 4109 1437 4114 η

219 4133 374 4192 Item
402 4128 546 4191 ofto
571 4129 824 4192 chamah
853 4131 914 4191 in
946 4128 1132 4211 caplis
1160 4130 1355 4192 aureis
1389 4148 1534 4189 cum
1560 4123 2024 4208 smaragdinibus
2068 4144 2178 4197 tre

84 4267 87 4272 .
127 4219 471 4294 circuitum,
517 4216 797 4299 ponderis
841 4234 1104 4307 quatuor
1143 4214 1319 4284 solid.
1359 4212 1462 4306 sex
1492 4213 1697 4280 denar.
1761 4216 1933 4299 pretij
1982 4212 2176 4300 vigint

299 4394 503 4465 Tou.
532 4396 648 4464 111.
1261 4394 1313 4462 Ζ
1621 4455 1626 4460 .
2057 4389 2185 4459 Un.
