2963 4856
489 184 578 261 ιο
1090 162 2441 253 JoANNISLELANnr

1252 367 1268 379 ,
1417 296 1596 379 Apud
1619 300 1681 362 S.
1713 299 2075 381 Gregorium.

803 390 943 453 Vita
961 386 1349 464 columbani,
1366 403 1577 449 autore
1591 390 1742 465 Jona
1755 388 1993 461 abbate,
2012 388 2140 447 viro
2158 402 2388 482 magpae
2404 381 2788 468 eloquentia.

1339 496 1654 557 Coenobium
1684 493 2161 574 Christicolarum.
2207 534 2220 549 ·

817 584 1197 650 Baldewinus
1223 582 1299 648 de
1329 580 1498 645 scitis
1531 585 2006 660 haereticorum]
2060 582 2399 664 Mysterium
2394 580 2572 667 fidei.

818 672 1205 735 Baldewinus
1228 668 1396 753 super
1428 672 1613 733 libros
1643 692 1877 754 regum.

818 759 1098 842 Epistolae
1130 760 1475 821 Baldewini.

814 847 1193 911 Baldewinus
1242 845 1316 908 de
1361 845 1721 910 orthodoxis
1768 845 1911 908 fidei
1960 845 2410 929 dogmatibus]
2485 845 2776 923 Doa‘lrina

669 937 673 941 ’
708 939 1046 1020 [αηὲἳονιιηι
1068 933 1433 1019 corfiliorum.

819 1025 958 1086 Fuit
989 1024 1085 1084 hic
1117 1024 1230 1086 2¹¹⁵.
1262 1018 1728 1105 archiepiscopus
1758 1020 1788 1081 ὲ
1816 1020 2060 1084 Thoma
2090 1025 2299 1083 Beket.

820 1111 1073 1173 Eli-edus
1099 1109 1444 1173 Rivallenfis
1475 1111 1552 1173 de
1594 1112 1873 1174 oneribus
1918 1107 2134 1187 Isaac]
2187 1110 2438 1172 Audiens
2466 1121 2548 1184 te,
2586 1112 2772 1191 pater

721 1197 941 1284 beattff

485 1051 610 1119 Ley:

1335 1288 1526 1365 Opera
1558 1286 1803 1364 Joannis
1825 1283 2137 1347 Walensis.

504 1389 701 1458 ,φῦ
811 1377 1001 1458 Super
1020 1370 1324 1449 Exodum.
1378 1379 1570 1455 Super
1591 1375 1946 1437 Leviticum.
1992 1377 2182 1454 Super
2201 1375 2519 1435 Numeros.
2568 1373 2765 1454 Super

450 1460 454 1464 ’
716 1457 1282 1527 Deuteronomium.
1329 1464 1522 1545 Super
1552 1460 1748 1540 Josue.
1799 1465 1989 1544 Super
2008 1462 2254 1539 Judam.
2285 1461 2477 1522 Ruth.
2507 1459 2764 1523 Ecclefi·

716 1550 899 1615 asten.
947 1554 1193 1613 Cantica
1221 1553 1440 1612 cantic:
1488 1548 1715 1614 Isaiam.

802 1643 1059 1702 Summa
1074 1634 1472 1702 confessorum
1493 1639 1741 1715 Joannis
1756 1635 2103 1713 walenfis.]
2133 1636 2420 1714 Qoniam
2437 1633 2756 1700 dubiorum.

796 1726 1069 1806 Epistola
1104 1725 1282 1787 Bedae
1310 1724 1387 1787 ad
1416 1726 1698 1789 Vectium
1724 1725 1801 1788 de
1830 1724 2214 1808 aequinoctio.

791 1815 1059 1877 Hilarius
1087 1812 1162 1874 de
1194 1808 1442 1893 synodo.

794 1901 956 1964 Beda
987 1901 1062 1964 de
1086 1902 1513 1983 ponderibus]
1566 1898 1889 1963 Ponderum
1909 1922 1984 1962 ac
1999 1902 2416 1983 mensurarum.

794 1988 1059 2054 Isidorus
1078 1985 1250 2070 super
1287 1988 1591 2062 Genesim,
1641 1988 1950 2062 Exodum,
1991 1988 2050 2048 &
2081 1988 2438 2050 Leviticum.
2527 1979 2542 1993 ²

792 2078 1046 2140 Moralia
1083 2076 1396 2160 Stephani,
1444 2073 1868 2161 archiepiscopi
1911 2079 2087 2143 Cant:
2134 2070 2310 2158 super
2349 2094 2559 2139 omnes
2607 2092 2749 2158 pro·

705 2163 914 2250 phetas
942 2168 1003 2226 in
1035 2163 1226 2226 tribus
1259 2165 1686 2227 voluminibus.

794 2253 1127 2335 Stephanus
1155 2248 1328 2333 super
1357 2255 1627 2336 quinque
1655 2251 1838 2314 libros
1870 2247 2086 2313 Moses.

431 2355 620 2426 Paga.
791 2342 976 2408 Liber
1022 2338 1471 2407 distinctionum
1510 2338 1733 2423 Nigelli
1782 2336 1958 2421 super
1985 2357 2214 2400 novum
2255 2337 2313 2400 &
2356 2350 2527 2401 vetus
2572 2333 2745 2400 testa·
2778 2403 2785 2411 ,

699 2432 1032 2507 mentum]
1082 2431 1519 2512 Quatuonsunt
1549 2430 2101 2513 regulaescripturae.

788 2513 1072 2600 Ejusdem
1100 2517 1250 2579 liber
1278 2517 1351 2579 de
1375 2515 1658 2580 abufione
1686 2535 1892 2579 rerum
1908 2510 2428 2578 e'cclefiasticarum
2457 2513 2534 2580 ad
2563 2513 2742 2577 Guli-

697 2603 930 2668 elmum
976 2607 1383 2689 Longcampe,
1451 2602 1746 2667 Eliensem
1794 2602 2160 2686 episcopum,
2224 2602 2283 2666 &
2321 2602 2744 2680 cancellarium

696 2691 988 2773 Angliae.]
1038 2693 1288 2773 Syncere
1319 2692 1377 2758 ἐς
1386 2690 1521 2773 sine
1526 2691 1917 2780 simulatione.

784 2781 1214 2861 Excerptiones
1248 2780 1487 2862 ·Nig'elli
1535 2781 1611 2844 de
1640 2781 1951 2841 Warnerio
1988 2779 2365 2862 Gregoriano
2402 2775 2575 2863 super
2602 2799 2737 2842 mo-

567 2942 589 2959 ,
695 2867 844 2936 ralia
870 2869 1047 2947 Job.]
1096 2866 1429 2930 Sublimitas
1437 2871 1832 2950 supernarum
1854 2866 2218 2949 potestatum.

485 2976 611 3048 Lep
778 2955 922 3020 Fuit
935 2955 1033 3018 hic
1055 2969 1379 3036 praecentor
1392 2957 1687 3020 Cantuar=
1705 2954 1764 3017 &
1775 2954 1974 3017 floruit
1989 2951 2361 3036 temporibus
2374 2951 2732 3018 S.Thomae.

780 3042 922 3122 Job,
966 3043 1270 3117 solomon,
1318 3040 1537 3119 EsaiaS,
1585 3043 1932 3117 Hieremias,
1977 3044 2203 3106 Graece.

776 3129 1128 3194 Psalterium
1155 3134 1384 3194 Graece.

573 3229 671 3294 a&
776 3218 1157 3280 Richaleonis
1186 3218 1335 3281 liber
1363 3217 1442 3280 ad
1473 3217 1735 3280 Felicem
1771 3218 2079 3293 abbatem,
2125 3217 2184 3279 in
2215 3235 2341 3300 quo
2367 3215 2594 3282 librum
2621 3216 2732 3280 Al-

683 3307 848 3368 cuini
879 3305 953 3368 ad
971 3306 1319 3370 Gnidonem
1340 3307 1625 3371 comitem
1644 3305 1719 3368 de
1741 3305 2066 3369 virtutibus
2089 3326 2167 3374 ex
2185 3301 2357 3390 prosa
2380 3306 2444 3368 in
2465 3324 2725 3383 carmen,

681 3390 778 3458 sed
811 3392 1140 3468 leoninum,
1188 3395 1392 3458 vertit.

763 3479 1147 3544 Baldewinus
1180 3477 1355 3563 super
1382 3480 1570 3545 libros
1599 3500 1831 3566 regum.

762 3567 1097 3632 Baldewini
1135 3565 1417 3653 epistolae.

760 3660 1020 3721 Irenaeus
1048 3649 1271 3720 ‘contra
1301 3677 1512 3719 omnes
1544 3652 1814 3719 haereses.
1907 3657 2117 3727 Simon
2145 3652 2495 3740 Mepeham,
2529 3654 2725 3725 archi-

673 3742 986 3829 episcopus
1022 3746 1202 3808 Can't:
1248 3745 1564 3824 monachis
1596 3745 1759 3807 dono
1788 3745 1977 3807 dedit.

1095 3860 1197 3919 Ex
1227 3860 1422 3923 veteri
1450 3856 1719 3932 Chronico
1743 3856 2278 3941 apudWigmor-um.

559 3964 655 4028 (θ’
760 3959 1064 4023 Labienus
1078 3957 1110 4023 a
1125 3962 1429 4028 Britannis
1448 3958 1675 4024 occisus
1691 3962 1753 4024 in
1764 3958 2025 4025 Cheston
2041 3961 2258 4026 woode
2270 3980 2457 4046 prope
2468 3957 2719 4029 Rosam.

666 4236 731 4310 D
758 4147 916 4308 Odstg,
950 4149 1136 4216 archie
1170 4153 1348 4218 Cant:
1380 4065 1902 4245 Ρτίυξχεέἰῗέεὲῗιὲ
1940 4149 2392 4230 Wintonienfis,
2439 4150 2720 4234 praeceffit

532 4254 536 4268 ·
739 4254 816 4302 uu
903 4257 1003 4304 no.
1675 4259 1678 4264 ·

2294 4410 2299 4414 1
2387 4325 2716 4398 Balduinus
