2963 4856
472 205 618 298 ῳ,

345 4038 457 4110 Pag·
486 4059 560 4114 ³⁵.-

1080 193 2428 283 JOANNISLELANDI

721 336 781 402 &
826 355 930 420 per
981 334 1373 400 Helmesseam
1410 357 1556 417 opp.
1608 330 1913 397 Postremo
1963 352 2090 395 uno
2120 331 2154 395 ὲ
2195 328 2466 393 Maltona
2513 321 2787 391 miliario

724 422 1162 497 Doruentionis
1188 422 1383 487 smum
1414 423 1614 486 intrat.

808 510 1050 576 Ricollis
1089 510 1284 574 oritur
1328 512 1391 573 in
1438 512 1792 572 Blakemore
1838 506 2030 570 amnis
2081 506 2261 588 longe
2302 504 2502 567 minor
2532 500 2666 578 Ria,
2713 500 2778 564 δε

721 600 918 665 tfibus
947 597 1121 684 supra
1151 599 1490 662 Maitonam
1513 595 1891 662 miliaribus
1877 618 1940 658 m
1958 595 2141 659 Riam
2163 592 2396 657 defluit.

1593 712 1862 794 Sininga.

1651 1208 1835 1269 Doue.

997 1703 1260 1752 Choramum

972 1773 1300 1855 Kyrkeham
1328 1765 1632 1834 coenobiicm
1661 1771 2054 1833 canonicorum
2082 1790 2161 1833 ex
2170 1769 2528 1853 fundatione

1475 1860 1747 1922 Gualteri
1775 1857 1965 1942 Espec-

792 1960 1046 2021 Decreta
1076 1956 1354 2021 Anselmi.

794 2046 1139 2112 Gulielmus
1170 2049 1420 2108 Meldun
1451 2046 1525 2108 de
1556 2044 1816 2129 regibus.

792 2133 992 2196 Hist01
996 2123 1113 2195 iola
1143 2134 1214 2197 de
1236 2134 1453 2197 virtute
1473 2134 1749 2197 Gualteri
1774 2130 1860 2196 Es
1853 2153 1979 2218 pec
2015 2148 2225 2194 autoie
2248 2131 2495 2212 Alredo,
2531 2132 2761 2202 abbate

701 2220 1090 2285 Riaevallenfi.

1136 2309 1512 2373 Ebbracum
1476 2334 1511 2371 a
1542 2311 1812 2373 Gulielmo
1842 2306 2032 2371 Notho
2055 2306 2320 2371 deletum.

785 2410 911 2475 Ubi
942 2433 1101 2475 nune
1147 2409 1229 2472 est
1259 2413 1610 2474 coenobium
1656 2415 1715 2476 S.
1751 2409 1956 2473 Mariae
1990 2425 2257 2491 tempore
2293 2407 2590 2485 Gulieimi
2620 2412 2757 2473 No-

668 2484 790 2561 ¹thi
831 2500 997 2561 locus
1047 2499 1343 2579 ejiciendis
1396 2498 1668 2563 sordibus
1716 2497 2054 2571 destinatus,
2123 2498 2270 2560 &in
2325 2494 2453 2579 quo
2482 2496 2756 2563 solebant

697 2587 774 2648 de
801 2585 1068 2649 sontibus
1105 2584 1456 2668 supplicium
1489 2585 1737 2650 sumere.
1830 2591 2024 2649 Datus
2057 2586 2152 2646 hic
2206 2586 2373 2646 locus
2397 2601 2523 2647 erat
2550 2585 2753 2650 tribus

694 2689 798 2736 aut
821 2689 942 2752 40r.
974 2676 1277 2747 monachis
1309 2674 1381 2735 de
1409 2679 1638 2755 Wytby
1669 2677 1743 2736 ab
1771 2672 1897 2757 ipso
1930 2674 2245 2735 Gulielmo
2277 2688 2607 2756 1·ege,c11m
2636 2695 2750 2756 po-

695 2761 901 2824 testate
929 2760 1265 2824 aedificandi
1305 2764 1734 2825 coenobiolum.
1823 2761 2030 2827 Auxit
2058 2762 2213 2823 hanc
2246 2757 2526 2842 pietatem
2559 2762 2750 2845 patris

695 2848 1037 2912 Gulielmus
1069 2846 1288 2923 Rufus,
1357 2850 1664 2934 coepitque
1703 2850 1930 2913 ibidem
1963 2849 2253 2910 aedificare
2301 2848 2605 2930 augustius
2635 2851 2750 2912 ali-

690 2936 860 3019 quid.
957 2937 1238 3000 Tandem
1268 2958 1406 2998 vero
1431 2939 1615 3000 abbas
1647 2941 1967 3011 Warwike,
2018 2939 2204 2998 homo
2233 2936 2423 2998 nobili
2452 2933 2749 3020 sanguine

688 3038 883 3098 natus,
932 3024 1598 3131 magnificentissimum,
1644 3027 1811 3107 quod
1858 3047 2018 3087 nune
2054 3045 2177 3085 non
2206 3041 2391 3100 extat,
2443 3026 2743 3107 templum

687 3133 911 3195 magno
940 3115 1137 3174 animo
1174 3112 1413 3196 incepit,
1461 3115 1519 3175 &
1542 3114 1675 3198 post
1706 3113 1917 3198 viginti
1956 3114 2106 3175 duos
2138 3133 2324 3174 annos
2346 3112 2561 3196 majori
2590 3134 2744 3176 con-

688 3198 1073 3349 [Πηῦιῗῐῗῐῖιῒηε
1094 3285 1246 3349 fama
1291 3288 1392 3361 est,
1442 3288 1671 3372 aliquot
1709 3287 1874 3351 villas
1907 3289 2017 3351 esse
2046 3308 2170 3350 uno
2206 3289 2281 3350 ab
2313 3287 2591 3351 Eboraco
2624 3308 2737 3351 ml·

688 3373 879 3451 liari0,
928 3378 1032 3438 ubi
1063 3392 1197 3449 ante
1247 3394 1518 3460 tempora
1557 3376 1852 3441 Gulielmi
1893 3378 2082 3440 Nothi
2136 3375 2376 3440 termini
2403 3392 2568 3439 erant
2597 3375 2738 3441 sub-

686 3463 1056 3525 urbanarum
1088 3464 1331 3529 aedium.
1412 3539 1416 3543 .

770 3547 888 3612 Usa
917 3551 1155 3614 fluvius,

767 3639 928 3699 Foff
961 3638 1148 3701 amnis
1175 3639 1362 3723 piger,
1397 3610 1576 3702 instar
1605 3638 1923 3724 stagnantis
1953 3661 2123 3723 aquae
2146 3638 2411 3703 colleRae
2430 3659 2503 3701 ex
2530 3639 2736 3720 pluvia

679 3726 737 3787 &
774 3740 941 3787 terrae
970 3726 1212 3809 uligine,
1263 3727 1561 3810 originem
1590 3730 1764 3790 habet
1783 3731 1940 3792 ultra
1970 3728 2268 3791 castellum
2303 3729 2729 3804 Huttenicum,

681 3813 1080 3896 terminatque
1127 3815 1274 3876 fines
1306 3816 1575 3877 Calaterii
1632 3816 1911 3891 nemoriS,
1980 3810 2244 3879 tandem*
2263 3814 2493 3899 serpens
2538 3836 2731 3900 prope

677 3900 986 3965 castellum
1012 3902 1374 3966 Eboracense
1402 3902 1464 3966 in
1499 3904 1735 3967 alveum
1767 3903 1899 3967 Usae
1929 3904 2035 3967 flu:

763 4016 835 4078 In
864 4016 1194 4079 bibliotheca
1232 4021 1292 4077 S.
1327 4020 1520 4092 Petri,
1568 4041 1740 4101 quam
1770 4018 2002 4082 Flaccus
2034 4017 2292 4091 Albinus,
2341 4015 2491 4080 alias
2525 4013 2727 4078 Alcui-

848 4105 1248 4192 nus,st1binde
1277 4109 1441 4171 miris
1472 4105 1729 4168 laudzbus
1761 4107 2005 4182 extollit,
2043 4109 2287 4187 propter
2316 4104 2590 4190 insignem
2630 4127 2723 4165 co

834 4193 1000 4271 piam
1033 4194 1326 4269 librorum,
1351 4208 1501 4257 tum
1523 4197 1863 4258 Latinorum
1895 4218 2020 4257 cum
2051 4199 2395 4269 Graecorum,
2425 4192 2724 4276 jamfere

841 4282 1105 4359 bonorum
1133 4282 1406 4348 librorum
1436 4268 1585 4367 nihil
1607 4284 1703 4364 est.
1791 4280 2052 4367 Exhazgs
2051 4295 2077 4346 t
2117 4285 2265 4346 enim
2296 4281 2390 4345 bos
2422 4281 2721 4363 thesauros

2599 4363 2717 4461 (ττι
