2963 4856
1017 167 2388 263 JoANN1sLELANn1

748 314 1047 396 Joachirni
1071 316 1367 397 expositio
1395 319 1458 378 in
1484 312 1906 401 Apocalypfin.

750 404 917 470 Sexti
937 403 1084 481 Julii
1106 403 1385 468 Frontini
1411 409 1608 467 Strate
1652 418 1866 469 emata.

749 491 1030 577 E‘pistolae
1060 490 1390 555 Cassiodori
1415 488 1584 555 furto
1601 426 1868 555 &ablata

424 594 500 671 a'g.
525 615 607 664 5¹·
1227 582 1296 644 In
1328 581 1660 644 bibliotheca
1683 579 2157 644 Carmelitarum.

750 666 1072 752 Longville
1101 665 1274 751 super
1305 689 1402 732 12.
1430 669 1774 751 prophetas,
1779 673 1811 746 ]
1849 670 2081 731 Mirum
2107 664 2350 731 videtur
2375 665 2730 750 quibusdam.

750 756 1091 820 Concordia
1121 757 1659 848 Evangelistarum,
1707 774 1916 820 autore
1945 759 2276 833 Clemente,
2322 752 2533 820 Priore
2562 758 2730 820 Lan·

664 843 886 909 tonenfi
896 848 949 922 .]
1000 833 1303 923 Qtaeris
1266 869 1303 908 a
1332 869 1419 908 me
1441 848 1556 910 ἃς.
2261 867 2274 878 ·

751 932 1114 995 Anffhelrnus
1146 931 1319 1015 super
1352 909 1664 1012 Joannern.
2777 977 2784 983 -

748 1021 1129 1111 Notingham
1169 1018 1343 1107 super
1394 1031 1605 1087 omnes
1633 1017 1909 1106 epistolas
1950 1020 2123 1110 Pauli
2129 1022 2184 1100 .]
2254 1021 2477 1094 Bonam
2515 1013 2631 1101 vs
2631 1029 2732 1080 ta

660 1112 899 1184 tionem,
941 1111 1057 1173 ὅτε.

749 1197 1035 1261 Rabanus
1065 1195 1240 1279 super
1260 1199 1646 1261 Matthaeum.
1959 1239 1962 1242 >

748 1284 1100 1349 Gilebertus
1130 1290 1491 1351 Porretanus
1519 1284 1693 1370 super
1728 1284 2099 1362 Pssltetium·

749 1375 992 1456 Waleys
1021 1372 1195 1456 super
1223 1373 1603 1439 Psalterium.
1817 1393 1828 1404 ²

759 1460 1048 1525 Rabanus
1084 1459 1257 1545 super
1295 1462 1602 1542 Genefim,
1649 1461 1824 1549 super
1865 1462 2051 1530 libros
2087 1459 2621 1537 Macchabeorum,
2667 1455 2736 1522 8t

672 1551 840 1615 astus
869 1549 1317 1633 Apostolorum.

759 1639 947 1704 Liber
968 1637 1265 1700 variarum
1292 1638 1641 1705 Caffiodori.

754 1726 1108 1790 Methodius
1132 1728 1207 1789 de
1236 1727 1406 1790 initio
1430 1729 1492 1790 &
1519 1725 1640 1791 fine
1668 1724 1872 1792 seculi.

754 1813 964 1877 Beda
948 1837 1011 1877 1n
1044 1813 1344 1897 parabolas
1376 1810 1736 1880 Solomonis,

751 1907 1010 1981 Joannes
1043 1900 1449 1967 Damascenus
1479 1905 1556 1967 de
1579 1899 1980 1988 philocosmiS.

754 1989 979 2074 Logica
1024 1988 1646 2056 Damasceni.1tem
1693 1989 1996 2057 sententiae
2051 1984 2432 2056 Damasceni.
2501 1982 2638 2053 sede
2665 1990 2739 2056 6.

838 2077 1024 2140 laevi
1001 2101 1032 2139 a
1064 2095 1153 2141 ter
1199 2101 1257 2141 0.

566 2167 624 2253 q
754 2170 1084 2250 Gregorius
1134 2102 1416 2231 {Igicaenus
1446 2166 1525 2231 de
1561 2166 1926 2260 formatione
1971 2165 2255 2232 hominis.
2332 2158 2467 2232 sede
2504 2185 2566 2246 7.
2628 2163 2730 2228 lae:

660 2275 669 2280 ”
838 2256 945 2318 lat.
990 2257 1024 2320 ὲ
1055 2271 1142 2318 ter
1190 2278 1247 2318 o.

752 2346 960 2407 Exhor
969 2277 1247 2409 tationges
1249 2343 1511 2424 Caesarii.

702 2480 705 2485 -
755 2432 1128 2520 Qaestiones
1159 2433 1357 2497 Rabbi
1389 2409 1604 2499 Moses.
1717 2472 1722 2477 -
1829 2434 1846 2497 s
1903 2427 1907 2435 ’

754 2523 1099 2585 Tancredus
1129 2524 1206 2587 de
1232 2521 1490 2587 aedificio
1514 2521 1856 2608 Sapientiae.

694 2612 699 2619 ²
756 2609 1037 2692 Epistolae
1068 2608 1342 2689 Dionysii
1373 2612 1754 2697 Areopagitae
1789 2630 1893 2675 10.

755 2697 1034 2778 Epistolae
1064 2698 1378 2781 Cypriani.

760 2786 1023 2850 Hilarius
1052 2787 1141 2848 de
1158 2783 1434 2868 synodis·

758 2873 1025 2937 Hilarius
1053 2890 1268 2939 contra
1295 2868 1710 2947 Constantium
1733 2877 1899 2968 Aug.

757 2960 943 3024 Bedae
971 2958 1212 3046 epistola
1241 2963 1315 3024 ad
1348 2958 1770 3025 Uuithredum
1786 2964 1862 3026 de
1892 2960 2138 3027 Ver-nali
2168 2958 2582 3051 AEquinofflo,

762 3048 1025 3132 Epistola
1050 3044 1327 3134 Dionysii
1348 3048 1578 3135 Exigui
1607 3048 1690 3115 de
1708 3048 1971 3125 termino
1987 3046 2252 3119 paschali
2279 3048 2356 3142 ad
2380 3048 2744 3115 Petronium

673 3136 1040 3223 episcopum.

758 3224 1044 3308 Ejusdem
1070 3223 1311 3311 epistola
1332 3227 1415 3291 de
1428 3227 1652 3292 eadem
1681 3249 1742 3291 re
1772 3227 1848 3291 ad
1875 3226 2286 3307 Bonifacium,
2318 3222 2748 3310 primicerium

667 3314 1082 3390 Notariorum,
1131 3317 1189 3378 ἂ
1222 3312 1393 3378 Bono
1424 3314 1824 3381 SecfidiceriO.

758 3406 1098 3487 Computus
1122 3404 1407 3487 Hilperici
1438 3405 1516 3468 ad
1545 3402 1830 3495 Asprum.
1899 3403 2213 3489 Leyl.1n
2241 3424 2381 3489 meo
2405 3400 2747 3486 exemplari

672 3488 830 3553 deest
864 3491 1154 3574 praefatio.

671 3670 724 3735 P
762 3579 1023 3732 {pisliola
1062 3579 1327 3645 Vifioris
1356 3579 1434 3645 ad
1476 3577 1904 3665 Theophilum
1936 3562 2356 3647 Caesariensem
2407 3578 2481 3644 de
2508 3558 2750 3642 circulo

723 3690 756 3731 a
784 3690 815 3731 c
862 3688 938 3730 ar
2113 3698 2126 3735 ·.

762 3757 1107 3841 Computus
1136 3756 1450 3823 Gariandi.

567 3882 616 3956 1
762 3849 1093 3928 Gregorius
1121 3850 1402 3912 Nicaenns
1432 3844 1508 3909 de
1534 3815 1893 3915 formatione
1919 3838 2224 3939 hominis„

763 3936 1230 3997 Exhortationes
1267 3933 1528 4000 Caesarii.

758 4022 1149 4087 Euchiridion
1181 4022 1359 4087 xisti.

754 4110 1097 4175 Amalarius
1128 4113 1204 4174 de
1234 4110 1445 4175 officiis
1473 4111 1689 4176 eadem
1717 4109 1871 4183 sede.
2687 4158 2698 4163 -

584 4221 655 4276 n·
759 4197 1034 4285 Qidam
1062 4198 1372 4262 annotavit
1425 4199 1520 4263 in·
1542 4202 1813 4305 margine
1843 4188 2056 4264 veteris
2104 4194 2749 4275 libri,Wiclivum1n

671 4284 829 4351 libro
887 4285 1029 4352 suo
1047 4290 1122 4354 de
1172 4286 1440 4356 sermone
1494 4289 1732 4357 domim
1793 4310 1857 4352 in
1905 4303 2131 4366 monte,
2193 4286 2250 4351 Sc
2279 4278 2381 4352 de
2428 4283 2746 4375 apostasia,

2435 4360 2754 4460 sumpfiffe
