2963 4856
384 185 1085 273 ANTIQUARII
1159 185 2005 269 ΟΟΒΒΕΟΤΑΝΕΑ.

225 322 516 398 'Tm-ent.
563 329 656 390 Ut
685 323 1017 409 postumus,
1044 323 1316 406 quando,
1356 336 1430 398 ut
1458 320 1768 406 volumus,
1798 345 1924 393 nen
1949 322 2115 400 licet.

252 424 506 486 Homer.
550 415 738 514 Qod
765 411 929 477 adest
958 401 1105 479 boni
1126 410 1386 487 consule.

255 511 554 572 Donatus.
603 501 849 585 Sapiens
877 498 1124 564 divinat.

256 593 499 659 Aristot.
549 593 795 675 Sapiens
824 609 946 652 non
977 603 1134 673 eget.

256 682 496 747 Cicero.
544 683 891 763 Tanquam
914 674 989 739 de
1017 674 1274 762 specula.
1316 700 1337 715 ·

236 771 526 834 Plautus.
580 770 839 830 Acetum
868 763 1094 828 habet
1079 785 1144 829 ιιι
1176 761 1440 849 pestere.

570 854 820 920 Pudor·
806 874 867 916 m
896 851 1111 916 oculis.

578 942 710 1005 Ubi
738 943 918 1004 timor
939 940 1025 1017 ibi
1055 938 1278 1024 pudor.

583 1029 878 1093 Phoenice
902 1027 1121 1107 rarior.
1210 1070 1216 1081 ·

247 1119 451 1190 Cicer.
489 1119 814 1181 Summum
832 1119 934 1197 jus
956 1113 1188 1183 summa
1216 1112 1460 1197 iniuria.

259 1208 519 1270 Terent.
569 1209 641 1268 In
670 1220 853 1289 portu
884 1202 1188 1288 navigare.

248 1295 622 1378 Virg.Q10
651 1293 724 1356 ad
750 1292 976 1355 vixero.
1085 1358 1092 1365 ,

253 1382 427 1444 Tull.
475 1383 624 1443 Sero
645 1379 883 1464 sapiunt
903 1379 1230 1465 Phryges.

467 1468 636 1531 Ictus
665 1465 840 1552 sapit.

255 1556 506 1620 Seneca.
553 1555 742 1618 Sera
727 1577 791 1620 ιιι
819 1551 1017 1619 fundo
1040 1551 1427 1637 parsimonia.

250 1643 510 1708 Plinius.
553 1641 878 1726 Optimum
905 1642 1097 1705 aliena
1123 1639 1350 1707 insania
1378 1639 1527 1711 frui.

553 1734 684 1794 Aut
712 1729 905 1806 bibat,
951 1745 1057 1805 aut
1082 1729 1276 1794 abeat.

247 1818 495 1906 Qintil
565 1820 857 1884 Omnium
888 1819 1177 1881 horarum
1208 1818 1419 1880 home.

245 1910 513 1976 Plutarc.
563 1907 891 1990 AEqualem
920 1904 1032 1969 tibi
1059 1926 1313 1975 uxorem
1341 1923 1569 1990 quaere.

558 1997 846 2078 Sequitur
872 2014 975 2058 ver
1013 1989 1292 2079 hyemem

245 2081 664 2168 Epicharmus.
705 2081 926 2146 Afinus
953 2079 1118 2145 asmo
1145 2079 1610 2165 pulcherrimus.

707 2168 894 2239 Sileni
917 2168 1268 2247 Alcibiadi&

244 2257 494 2345 Pithag.
538 2255 800 2323 Acetum
824 2257 1075 2328 anulum
1101 2279 1178 2327 ne
1197 2255 1451 2341 gestato·

541 2347 644 2409 Ad
676 2342 798 2411 hu'c
827 2345 1053 2415 coelum
1082 2344 1365 2411 volvitur.

247 2434 437 2500 ovid.
484 2439 631 2518 Spes
656 2433 846 2500 servat
872 2433 1169 2499 adflictos.

246 2528 510 2598 Terent.
557 2522 817 2607 Lupus
801 2546 868 2596 ιιι
885 2522 1106 2594 fabula

134 2683 141 2690 ,
247 2617 635 2675 Xenocrates.
677 2615 925 2675 Tutum
951 2608 1168 2680 filentii
1197 2606 1546 2694 proemium.

249 2705 505 2770 Terent.
549 2700 740 2786 Quod
764 2695 874 2774 scis
903 2695 1109 2770 nescis.

244 2787 482 2855 Suidas.
528 2787 789 2862 crambe
816 2786 911 2851 bis
939 2785 1130 2871 pofita
1157 2806 1340 2861 mors.

448 2921 456 2928 -
522 2873 759 2944 Festina
782 2875 966 2939 lente.

245 2967 427 3030 Cat0.
474 2966 581 3028 Sat
606 2961 730 3027 eito
755 2962 830 3026 fit
854 2959 940 3032 sat
966 2963 1143 3028 bene.

460 3051 858 3118 Pedetentim.

242 3143 497 3205 Homer.
541 3142 686 3203 Non
713 3137 917 3203 statim
937 3133 1404 3208 decernendum.

241 3227 562 3310 Thucydi:
610 3222 841 3292 Inscitia
873 3224 1299 3296 confidentiam
1329 3219 1510 3309 parit.

240 3316 507 3388 Martial.
551 3313 824 3378 Vendere
845 3311 1071 3387 furnos.

549 3401 738 3467 Testa
762 3399 960 3466 collisa
991 3399 1207 3476 testae..

238 3488 458 3555 Varro,
513 3492 716 3554 Homo
744 3490 934 3554 bulla.

236 3576 478 3664 Cicem.
537 3580 684 3644 Vita
704 3577 1045 3650 mortalium
1073 3574 1290 3644 brevis·

484 3651 776 3750 Repperit
792 3665 942 3731 deus
970 3680 1311 3731 nocentem.

238 3753 519 3820 Ovidi-us.
566 3757 776 3840 Longe
804 3773 1021 3839 regum
1039 3771 1275 3820 manus.

545 3846 641 3905 Ne
652 3838 817 3925 spina
825 3842 1072 3927 quidem
1087 3833 1424 3913 vulnerabit
1437 3836 1650 3920 bonoq-

240 3929 499 3998 Homer.
546 3929 831 3994 vindicta
862 3928 1048 4005 tarda,
1093 3925 1194 3993 sed
1222 3926 1443 4011 graviS.

543 4016 716 4083 Felix
732 4018 847 4102 qui
868 4018 1017 4083 nihil
1048 4016 1246 4084 debet.

539 4108 781 4190 Magnis
809 4106 1028 4188 arrinris
1056 4101 1368 4181 modestia

543 4193 776 4266 veritas
807 4191 1095 4285 temporis
1109 4191 1267 4272 filia.

2343 195 2490 295 '133-

2220 2123 2344 2200 ⁴fag.
2362 2142 2483 2201 arga
2508 2143 2515 2151 ·
