2963 4856
360 1224 629 1277 nancaster.

358 1509 644 1561 Tunstallus

358 1589 499 1625 natus
521 1576 571 1623 in

362 1642 603 1706 provintia

360 1706 657 1755 Richemon-

364 1773 460 1821 tiae.

396 3223 597 3274 Limon.

654 4348 659 4355 ι
775 4266 1097 4351 speculum
1128 4269 1382 4348 Giraldi,
1427 4268 1831 4342 archidiaconi
1859 4273 1920 4346 S,
1949 4272 2219 4341 Davidis

954 187 2496 273 JOANNISLELAND1'

682 333 853 415 brige
897 328 1189 391 invalente
1239 327 1443 409 lingua
1496 323 1726 387 Gallica
1771 342 1880 407 per
1937 327 2344 387 Nortmannos
2393 327 2453 388 in
2502 326 2754 411 Anglia·

681 424 840 485 Pont
867 414 1017 479 frete
1044 432 1307 477 vocetur.

773 505 1065 579 Thomas,
1116 499 1405 565 Lunenfis
1456 520 1676 577 comes,
1724 513 1988 581 tempore
2037 502 2115 561 E.
2145 520 2205 565 2.
2251 522 2360 583 pro
2387 498 2588 563 sancto
2618 503 2727 563 ba-

682 593 869 668 bitus,
916 591 1181 674 sepultus
1226 590 1387 672 apud
1437 593 1685 652 Pontem
1728 587 2005 650 fractum.
2095 592 2285 669 Prope
2334 591 2625 671 oppidum
2662 593 2730 652 in

684 682 856 755 colle,
907 681 1013 742 ubi
1029 676 1211 742 securi
1231 677 1533 761 percuffus
1554 674 1694 755 fuit,
1739 674 1935 740 crofta
1962 674 2048 750 ‚est
2073 676 2270 759 ampla
2296 677 2553 762 ecclesia,
2600 697 2731 740 non

682 767 1087 833 consummata
1116 783 1330 829 tamen.

772 856 1084 921 Valentius
1115 851 1287 935 super
1320 857 1587 915 Sentent:

772 940 1014 1006 omeliae
1044 942 1291 1004 Roberti
1320 940 1565 1022 Gentyl:

774 1030 1021 1094 Omeliae
1051 1029 1334 1091 Gulielmi
1367 1031 1687 1112 Damport.

776 1120 1064 1183 Albertus
1089 1119 1164 1179 de
1195 1130 1406 1178 natura
1444 1115 1729 1181 locorum.

777 1211 945 1280 Duo,
992 1205 1107 1267 five
1138 1210 1330 1278 Done,
1382 1203 1487 1265 flu:
1518 1209 1709 1268 oritur
1756 1247 2624 1272 ..........
2705 1202 2728 1268 ἶ

690 1286 824 1357 fluit
862 1315 1003 1355 vero
1050 1315 1153 1374 per
1184 1289 1574 1353 Dancastrum
1613 1312 1713 1373 op:
1770 1292 1986 1365 nobile,
2054 1292 2109 1353 &
2142 1291 2302 1375 apud
2340 1290 2731 1376 Turnebrige

690 1378 895 1445 feffum
920 1380 974 1443 se
1004 1380 1304 1443 abscondit
1332 1383 1390 1440 in
1424 1381 1592 1441 alveo
1621 1383 1771 1442 Aere
1799 1380 2083 1441 fluminis.

779 1469 1148 1535 Tunstallu3.
1183 1465 1489 1549 episcopus
1510 1467 1938 1541 DunelmenfiS,
1987 1470 2047 1529 in
2081 1468 2189 1530 hac
2218 1468 2488 1548 opinione
2516 1465 2617 1539 est,
2652 1482 2729 1529 ut

696 1573 894 1642 putet,
939 1555 1335 1617 Dancastrum
1366 1556 1696 1638 antiquitus
1722 1560 1935 1617 Duana
1958 1554 2137 1617 castra
2169 1554 2422 1626 dictum,
2455 1554 2617 1636 quod
2639 1551 2725 1614 se-

695 1646 893 1709 cunda
922 1647 1075 1726 legio
1105 1648 1141 1705 il
1128 1645 1222 1704 llic
1253 1646 1648 1723 hyemaverat.
1718 1648 1850 1725 Ego
1881 1658 2074 1705 tamen
2107 1642 2310 1704 videor
2329 1644 2483 1703 mihi
2502 1642 2726 1717 videre

694 1753 905 1797 nornen
938 1732 1159 1814 oppido
1177 1730 1481 1792 inditum
1461 1754 1494 1790 a
1519 1729 1705 1792 Dnno
1732 1731 1938 1793 fluvio,
1971 1729 2320 1795 Tunstallus
2344 1730 2492 1791 vidit
2515 1726 2726 1791 saxum

694 1835 1040 1904 repertum
1026 1820 1182 1901 apud
1201 1821 1512 1880 canonicos
1537 1821 2057 1900 Barptolomeanos
2078 1819 2264 1880 Londi
2274 1820 2354 1891 ni,
2386 1818 2530 1879 dum
2555 1836 2728 1898 quae-

693 1929 886 1971 rerent
908 1930 1055 1969 nova
1084 1906 1487 1970 fundamenta.
1580 1903 1937 1986 Inscripturn
1960 1928 2098 1969 vero
2121 1905 2238 1969 fuit
2265 1907 2448 1968 literis
2472 1908 2590 1967 Ro.
2620 1901 2728 1965 sed

690 2017 816 2080 prae
841 1995 1123 2058 vetustate
1152 2016 1301 2078 pene
1324 1995 1613 2077 corruptis
1641 1993 1698 2054 &
1722 1993 2071 2059 obliteratis,

1410 2110 1674 2192 WOtsope,
1722 2112 1994 2187 canonici.

1356 2548 1663 2671 nglebeka
1710 2595 2073 2675 Praemorfir.
2127 2589 2134 2622 ²
2159 2609 2164 2616 “

1304 3116 1637 3195 ‘Newstede,
1685 3118 1937 3179 canonici
1965 3116 2099 3179 albi.

781 3219 934 3282 Line
977 3220 1083 3282 flu:
1131 3219 1323 3282 oritur
1370 3242 1555 3302 prope
1601 3221 1933 3295 Newstede,
1999 3205 2321 3302 defluitque
2363 3240 2464 3300 per
2495 3216 2734 3281 Linton

688 3310 1049 3379 coenobium,
1098 3312 1194 3370 cui
1217 3329 1433 3370 nomen
1460 3309 1626 3371 dedit
1652 3334 1671 3382 3
1720 3308 1937 3370 deinde
1959 3309 2457 3391 Snotinghamum
2478 3307 2730 3381 alluenS,

688 3415 811 3457 uno
841 3394 965 3458 fere
997 3397 1073 3457 ab
1103 3396 1311 3458 eodem
1342 3396 1556 3458 miliari
1585 3400 1906 3460 Treantam
1936 3395 2102 3479 petit.

1427 3509 1647 3571 Melton
1684 3508 2000 3588 Moubrayf

774 3617 899 3693 Eye
928 3614 1033 3675 flu:
1083 3635 1203 3676 non
1232 3613 1405 3697 longe
1434 3617 1511 3677 ab
1541 3618 1739 3677 Okam
1774 3616 2063 3686 exoritur,
2125 3613 2365 3695 perfluit
2402 3610 2732 3693 Staplefor

688 3690 827 3760 dam
858 3703 1107 3774 Meston,
1156 3701 1262 3762 ubi
1305 3719 1506 3764 autem
1535 3702 1783 3765 Kirkebi
1835 3704 2117 3784 pervenit,
2167 3705 2388 3763 Wreke
2436 3716 2728 3772 vocatur;

689 3786 988 3869 postremo
1004 3789 1286 3851 Brokelbi
1315 3790 1503 3868 alluit,
1551 3791 1610 3852 8<
1639 3790 1799 3874 apud
1830 3788 2115 3856 Cosinton
2148 3792 2309 3850 Sorae
2357 3784 2412 3850 se
2443 3786 2733 3862 comitem

685 3874 908 3958 jungit.
1169 3905 1174 3910 ·

1561 3991 1859 4075 Leyceter.

778 4089 1114 4155 Alexander
1142 4092 1215 4154 de
1245 4096 1308 4156 S.
1334 4092 1575 4157 Albano
1603 4098 1680 4158 de
1703 4094 1929 4159 naturis
1957 4116 2180 4161 rerum
2188 4098 2224 4173 ]
2271 4099 2473 4157 Forma
2507 4090 2729 4157 decens.
2745 4120 2754 4125 ·

694 4177 982 4257 styland.
1049 4180 1292 4260 Scripsit
1319 4181 1455 4244 stilo
1485 4181 1719 4247 florido,

2420 4353 2722 4428 Poeniten·
