2963 4856
1106 180 1206 243 De
1229 178 1417 242 Rebus
1448 175 1792 262 Anglicanis
1826 172 2109 274 Opuspqu
2147 178 2354 248 Varia.

691 310 899 383 timus,
933 309 1458 385 nominaverimus,
1490 305 1955 385 fundaverimUS,
1990 309 2049 372 &
2069 308 2595 377 stabiliveravimus
2637 323 2748 395 por

690 391 920 457 easdem
949 397 1173 457 litteras
1206 395 1430 458 nostras
1462 411 1747 478 patentes.
1834 400 1911 460 Et
1961 398 2129 481 quod
2161 396 2460 478 hospitalis
2500 398 2639 461 effet
2681 399 2745 461 8e
2830 459 2836 466 .

691 479 867 557 foret,
916 483 973 544 8(
1012 482 1123 546 effe
1157 486 1414 563 potuerit
1457 483 1531 545 de
1567 504 1690 544 uno
1721 502 1978 565 paupere
2020 486 2148 548 viro
2178 484 2438 559 custode,
2484 485 2540 547 &
2587 487 2746 548 duo-

693 571 885 634 decim
916 572 1051 632 aliis
1083 571 1220 631 viris
1255 570 1616 652 pauperibus
1670 571 1989 641 secundum
2037 570 2308 645 formam,
2355 588 2415 635 et
2455 571 2742 637 effectum
2792 643 2805 654 ‚

693 657 1095 740 predic'iarum
1145 659 1474 719 litterarum
1531 674 1757 739 patent:
1806 659 2069 740 eligend:
2113 660 2172 723 ἃ
2220 661 2566 732 nominanti.
2658 663 2745 723 Et

688 746 856 828 quod
889 744 960 807 de
998 761 1193 807 cetero
1233 737 1672 827 imperpetuum
1719 746 1855 809 esset
1878 748 1937 809 8(
1966 743 2119 808 foret
2149 768 2305 823 unus
2334 746 2533 809 custos
2556 746 2740 810 dieta:

688 827 1009 915 Hospitalis
1037 831 1246 894 Sancte
1289 834 1348 896 &
1381 834 1691 895 individue
1721 835 2038 896 Trinitatis
2069 836 2127 899 in
2162 834 2411 908 Cloune3
2459 856 2536 897 ex
2596 832 2737 898 fun·

690 921 932 984 datione
962 921 1195 981 Henrici
1224 922 1484 983 Howard
1517 922 1768 983 Comitis
1799 921 2259 1005 Northampton,
2293 942 2361 983 ac
2393 937 2538 983 terr:
2570 939 2736 986 tene·

687 1024 879 1076 ment:
915 1008 1127 1069 redditi
1177 1029 1484 1070 revencon:
1537 1009 1594 1070 &
1624 1008 2075 1072 hereditatnent:
2128 1011 2420 1071 bonorum
2464 1009 2523 1072 &
2550 1011 2735 1074 catal-

691 1097 888 1160 lorum
916 1091 1180 1175 ejusdem
1213 1092 1535 1176 hospitam,
1581 1098 1689 1177 qui
1717 1092 1870 1158 foret
1899 1096 1956 1158 &
1986 1113 2292 1159 vocaretur
2336 1095 2549 1160 Custos
2583 1093 2734 1164 Hos-

689 1185 884 1269 pitalis
911 1182 1124 1246 Sancte
1148 1185 1204 1245 8(
1235 1186 1464 1246 Individ
1477 1204 1548 1244 ue
1572 1185 1889 1245 Trinitatis
1919 1185 1979 1245 in
2004 1184 2252 1257 Cloune,
2270 1204 2361 1245 ex
2383 1182 2739 1248 fundatione

687 1260 932 1336 ffenrici
967 1271 1227 1332 Howard
1260 1271 1511 1333 Comitis
1539 1270 2006 1352 Northampton.
2089 1272 2398 1358 Qodque
2426 1273 2500 1333 de
2530 1291 2735 1336 cetero

690 1361 994 1443 perpetuis
1024 1358 1391 1439 temporibus
1424 1355 1647 1420 futuris
1690 1357 1888 1433 effent,
1936 1359 1993 1422 &
2035 1356 2227 1420 forent
2258 1362 2321 1421 in
2347 1361 2550 1420 eadem
2599 1356 2731 1422 hos·

689 1445 855 1530 pitali
885 1446 1196 1516 duodecim
1231 1465 1472 1527 pauper:
1518 1445 1575 1508 &
1614 1444 1786 1528 egeni
1835 1447 1944 1509 viri
1977 1446 2250 1528 provecte
2294 1450 2468 1508 etatis
2499 1448 2733 1510 ibidem

683 1531 1045 1600 sustentanti:
1082 1533 1425 1595 manutend:
1454 1532 1511 1596 ὅ(
1542 1532 1834 1595 relevand:
1890 1553 1992 1615 per
2039 1533 2366 1615 predistum
2399 1537 2729 1597 Hernicum

688 1623 972 1686 comitem
1024 1621 1489 1702 Northampton‚
1541 1621 1786 1683 heredes
1829 1621 1890 1683 8(
1935 1619 2239 1705 assignatos
2285 1619 2432 1695 snos,
2474 1623 2587 1704 »qui
2632 1617 2725 1685 'fila

687 1727 1037 1774 vocarentur
1069 1728 1355 1790 pauperes
1386 1704 1696 1790 Hospitalis
1722 1707 1938 1770 Sancte
1978 1710 2035 1770 8(
2067 1707 2376 1772 Individue
2407 1711 2730 1793 Trinitatis

687 1798 751 1863 in
797 1797 1046 1868 Cloune,
1094 1816 1169 1856 ex
1209 1793 1559 1858 fundatione
1609 1797 1846 1859 Henrici
1886 1797 2148 1860 Howard
2193 1798 2444 1858 Comitis
2494 1800 2728 1861 North·

687 1900 953 1966 ampton,
993 1884 1057 1962 8(
1108 1883 1180 1943 ad
1218 1905 1432 1945 manus
1481 1884 1541 1944 8(
1583 1882 1845 1948 officium
1895 1881 2151 1946 custodis
2196 1882 2369 1945 dietat
2421 1881 2731 1967 hospitalis

686 1972 836 2042 bene
882 1972 943 2033 8(
972 1969 1241 2043 fideliter,
1288 1971 1598 2033 exercend:
1642 1971 1697 2033 &
1740 1971 2073 2053 exequend:
2125 1987 2302 2055 prout
2351 1993 2451 2053 per
2488 1970 2725 2036 easdem

684 2057 911 2125 litteras
961 2074 1224 2139 patentes
1277 2058 1506 2139 plenius
1554 2058 1741 2141 liquet
1782 2061 1838 2120 8(
1869 2069 2137 2140 apparet:
2223 2063 2499 2141 Cumque
2537 2063 2729 2124 etiam

684 2169 790 2232 per
817 2144 1044 2207 easdem
1093 2146 1315 2230 litteras
1354 2146 1577 2208 nostras
1610 2162 1877 2230 patentes
1915 2147 2293 2222 voluerimuS,
2341 2147 2398 2207 &
2430 2147 2724 2210 concesse-

683 2234 875 2300 rimus
933 2234 1259 2316 pro-nobis
1311 2231 1629 2296 heredibus
1674 2235 1739 2304 8(
1788 2227 2209 2308 suecessoribus
2269 2232 2489 2308 nostriS,
2546 2236 2723 2318 quod

686 2321 939 2405 predi&
983 2325 1164 2382 chr:
1215 2323 1429 2383 Comes
1459 2321 1905 2403 Northampton
1936 2321 2008 2383 de
2061 2338 2327 2403 tempore
2375 2321 2435 2383 in
2484 2338 2726 2406 tempus

684 2409 762 2481 nd
790 2411 987 2474 omnia
1022 2425 1288 2491 tempora
1316 2407 1565 2472 durante
1595 2409 1712 2472 vita
1743 2405 1842 2472 sua
1868 2407 1983 2472 fac:
2032 2412 2087 2471 8(
2119 2407 2308 2472 facere
2347 2410 2404 2471 8(
2433 2409 2722 2474 constitn-

682 2520 780 2564 ere
793 2500 1026 2567 valeret,
1046 2499 1103 2557 8(
1122 2497 1319 2577 poffet,
1343 2505 1455 2572 tot,
1470 2514 1648 2573 tanta,
1675 2498 1826 2569 talia,
1848 2499 1906 2560 8(
1928 2494 2264 2578 hujusmodi
2286 2499 2458 2570 bona,
2480 2499 2723 2576 idonea,

684 2588 745 2661 8(
791 2583 1042 2647 salubria
1086 2580 1322 2659 statuta,
1367 2587 1533 2666 ¹jura,
1578 2583 1998 2660 ordinationes,
2057 2587 2114 2647 &
2159 2585 2603 2648 constitutiones
2652 2589 2729 2651 iu

684 2672 885 2755 script:
920 2692 1269 2734 concernen:
1322 2672 1597 2735 divinum
1642 2671 1946 2734 servicium
1975 2673 2050 2734 de
2081 2673 2176 2734 die
2215 2674 2273 2736 in
2305 2673 2460 2735 diem
2491 2673 2549 2735 in
2583 2694 2719 2757 pre-

684 2762 842 2827 dicta
874 2756 1164 2840 hospitali,
1211 2761 1271 2822 in
1315 2760 1606 2822 honorem
1648 2758 1864 2822 Sancte
1894 2762 2218 2841 Trinitatis,
2269 2759 2599 2823 celebrande
2644 2782 2724 2825 ac

679 2839 1189 2935 gubernationem,
1255 2847 1629 2920 elediionem,
1698 2845 2127 2930 expulsionem,
2194 2848 2586 2931 punitionem,
2658 2850 2723 2913 &

680 2936 1065 3002 direftionem
1120 2934 1362 3017 predicti
1388 2932 1672 3006 custodis,
1719 2937 1774 2997 8(
1807 2954 2129 3018 pauperum
2161 2937 2384 2998 ibidem
2420 2957 2530 3018 pro
2558 2951 2718 3000 tem·

673 3046 824 3110 pore
871 3021 1115 3086 existen:
1164 3022 1220 3084 &
1259 3042 1465 3084 eorum
1495 3023 1826 3103 cujussibet.
1916 3026 2040 3086 Nec
2092 3044 2207 3094 non
2247 3022 2496 3106 stipend:
2537 3019 2717 3086 salar:

677 3113 1003 3182 libertate3‚
1040 3110 1273 3190 jocalia,
1320 3111 1377 3170 8(
1406 3109 1519 3172 alia
1551 3109 1849 3172 necessaria
1876 3112 1935 3175 &
1958 3108 2224 3193 requilit:
2257 3111 2453 3193 quoad
2486 3111 2716 3175 viftum

679 3200 739 3265 &
769 3197 1042 3261 vestitum
1088 3219 1197 3279 pro
1222 3195 1435 3260 eIsdem
1481 3196 1735 3272 custodi,
1782 3199 1840 3260 8(
1874 3219 2115 3281 pauper:
2161 3201 2218 3260 8(
2248 3219 2449 3261 eorum
2492 3196 2713 3262 sucees-

676 3283 896 3359 sorum,
942 3287 999 3347 8(
1031 3280 1281 3346 aliorum
1312 3306 1834 3368 quorumcunque,
1882 3289 1986 3366 qui
2019 3290 2078 3349 in
2105 3285 2261 3347 dieta
2304 3283 2573 3367 hospitali
2602 3308 2721 3369 pro

679 3389 945 3454 tempore
988 3370 1271 3434 existente
1313 3372 1531 3448 forent,
1576 3393 1640 3436 ac
1669 3374 2102 3437 ordinationem
2130 3375 2183 3434 8(
2224 3373 2715 3456 presentationem

678 3477 988 3533 terrarum,
1023 3476 1507 3526 tenementorum.
1549 3461 1608 3522 8(
1637 3461 2254 3538 hereditamentorum‚
2287 3463 2603 3534 bonorum,
2648 3465 2713 3525 8(

675 3549 1026 3612 eat-allorum
1058 3546 1321 3626 ejusdem
1351 3545 1666 3629 hospitaliS,
1704 3550 1762 3611 &
1788 3549 2111 3628 eorundem
2142 3548 2422 3623 custodit»,
2470 3550 2529 3611 8(
2560 3572 2708 3632 pau-

677 3656 889 3721 perum
913 3637 970 3696 8(
993 3635 1020 3695 s
1017 3635 1368 3697 uccefforum
1397 3633 1635 3697 suorum
1661 3635 1845 3699 dand:
1872 3636 2229 3699 concedend:
2264 3652 2365 3698 aut
2387 3635 2717 3719 affignand:
2752 3687 2763 3698 .

675 3713 1320 3816 five'eorum-aliquod
1348 3726 1440 3786 vel
1489 3723 1684 3805 aliqua
1728 3721 2119 3805 quovismodo
2151 3741 2386 3807 tangent
2433 3725 2522 3786 vei
2554 3745 2712 3788 ¹eon·

677 3805 913 3902 gernen:
963 3828 1132 3892 quot,
1185 3825 1431 3892 quanta,
1480 3813 1700 3891 qualia,
1747 3813 1808 3874 8(
1835 3832 1955 3894 que
1985 3811 2254 3895 predie'oe
2281 3813 2485 3874 comiti
2528 3812 2715 3889 bona.

675 3899 863 3979 utilia,
897 3896 1134 3977 idonea,
1186 3898 1243 3959 &
1290 3896 1540 3961 salubria
1584 3898 1944 3963 viderentur.
2034 3899 2380 3983 Eademque
2417 3901 2617 3963 omnia
2650 3902 2710 3964 &

672 3981 901 4070 singula
957 3985 1069 4048 five
1112 4006 1321 4047 eorum
1373 3986 1611 4067 aliquod
1667 3987 1756 4048 vel
1807 3987 2027 4067 aliqua,
2068 3979 2380 4059 τὲνοεεικ,
2446 4002 2710 4068 mutare,

674 4072 1084 4153 determinare,
1131 4090 1535 4154 augmentare,
1582 4076 1843 4148 alterave,
1892 4074 1946 4137 8(
1978 4076 2053 4135 de
2083 4094 2239 4137 novo
2265 4072 2479 4149 facere,
2528 4094 2713 4157 prout

673 4161 733 4239 8(
783 4161 857 4222 de
905 4177 1168 4241 tempore
1217 4165 1277 4223 iu
1322 4179 1548 4242 tempus
1589 4162 1793 4224 meliu‘s
1841 4163 2139 4225 videretur
2184 4162 2480 4244 expedire.
2568 4166 2711 4252 Qe

672 4249 915 4331 quidem
948 4245 1164 4312 statuta
1203 4247 1418 4327 nostra,
1464 4248 1883 4328 ordinationes,
1928 4251 1985 4315 &
2012 4247 2480 4324 constitutiones,
2521 4249 2606 4400 ξι(-
2638 4268 2711 4333 ut

2414 4358 2518 4424 per
2546 4357 2713 4404 ertur
