2963 4856
489 168 614 228 1¹¹4
1032 144 1689 224 -JOANNIS
1790 90 2536 207 LELANDIN-

757 348 761 355 ,
809 278 1050 352 Tilfius,
1079 277 1389 341 Tondheri
1422 293 1610 359 pater,
1661 273 1994 351 Oswinum,
2048 274 2338 359 impotem
2359 278 2664 358 juvenem,
2712 279 2778 344 in

724 366 913 429 domo
940 363 1042 428 sua
1078 367 1326 428 nutrivit
1350 365 1407 427 δε
1435 362 1664 429 docuit.
1765 414 1784 435 .

811 449 1150 529 OswinuS,a
1171 454 1352 515 latere
1380 449 1666 536 perfossus
1695 452 1896 515 lancea
1925 451 2075 513 obiit
2094 473 2254 514 anno
2276 473 2400 535 reg:
2430 450 2558 532 ejus
2581 474 2773 530 nono,

731 562 833 624 ¹3·
864 540 987 603 Cal.
1035 542 1371 624 Septembr:
1417 541 1481 603 in
1527 540 1685 615 loce,
1730 539 1845 624 qui
1895 539 2115 603 dicitur
2143 540 2569 625 Gethlingum‚
2615 562 2774 604 anno

722 632 807 694 D.
843 627 882 691 6
940 630 1020 692 1⁰.

813 647 1164 790 Tgndhere,
1210 713 1387 780 Tilfii
1430 715 1613 791 filius,
1661 713 1882 778 obtulit
1914 711 1970 777 se
2022 737 2132 800 pro
2158 711 2401 781 Oswino
2437 719 2767 804 percutien-

722 805 894 878 dum,
937 805 998 867 &
1028 804 1224 886 postea
1265 822 1403 865 cum
1457 824 1597 887 rege
1646 800 1753 865 suo
1779 801 2004 865 occisus
2033 804 2137 866 est.
2229 802 2326 865 Sic
2379 804 2558 879 Lina,
2607 805 2766 888 regis

721 889 968 955 Edwini
993 893 1181 965 mileS,
1233 890 1417 963 sicarii
1435 891 1648 954 dolum
1676 892 2023 972 praevidenS,
2071 887 2184 954 sese
2208 893 2477 955 mucroni
2508 893 2767 956 fideliter

720 978 1020 1065 opposuit,
1049 995 1077 1026 α
1097 980 1410 1042 dominum
1434 977 1613 1041 suum
1641 980 1910 1053 liberam,
1957 977 2204 1042 viriliter
2232 982 2539 1046 occubuit.

600 1146 607 1149 „
806 1068 1039 1151 Regina
1061 1068 1360 1142 Eanfleda,
1397 1065 1732 1150 propinqua
1752 1062 1998 1141 Oswini,
2035 1065 2345 1149 postulavit
2371 1068 2404 1130 a
2426 1090 2562 1151 rege
2576 1067 2759 1146 Oswi,

610 1150 621 1157 ”
715 1171 785 1218 ut
815 1157 1063 1219 donaret
1092 1156 1172 1217 ibi
1199 1156 1398 1218 locum
1435 1153 1750 1217 monaster:
1796 1153 2208 1217 construendo,
2298 1159 2444 1240 Qo
2467 1159 2755 1233 concesse,

712 1243 1117 1307 constructum
1139 1243 1301 1306 estin
1322 1242 1658 1326 Gethlingo
1686 1240 2122 1316 monasterium,
2146 1242 2241 1304 cui
2266 1242 2500 1323 praefuit
2522 1248 2757 1308 Trum-

712 1330 855 1394 here
874 1336 1013 1411 jure
1067 1333 1317 1404 abbatie,
1365 1333 1454 1392 vir
1483 1345 1609 1392 nat:
1668 1329 1852 1412 Angl:
1897 1325 1994 1392 sed
2016 1331 2328 1393 ordinatus
2363 1332 2421 1393 ὅσ
2446 1333 2700 1395 edoctus
2723 1333 2757 1396 ὲ

713 1421 950 1493 ScottiS,
998 1418 1107 1501 qui
1126 1422 1183 1481 &
1217 1419 1584 1501 propinquus
1613 1434 1737 1479 erat
1767 1414 1921 1501 regis
1944 1417 2139 1481 occisi.
2228 1420 2354 1503 Qi
2383 1441 2525 1480 vero
2555 1419 2755 1503 postea

709 1501 821 1571 sub
840 1528 978 1590 rege
994 1506 1332 1589 Wulphero
1354 1507 1415 1567 in
1440 1506 1702 1588 provint:
1733 1509 1921 1568 Merc:
1948 1503 2463 1568 Lindisfarnorum
2486 1501 2752 1573 &medi-

712 1594 1044 1658 terraneam
1074 1595 1409 1678 Anglorum
1437 1591 1746 1676 episcopus
1774 1592 2020 1655 effeetus
2050 1593 2153 1657 est.

411 1693 530 1761 Pag.
558 1711 673 1756 1⁷9·
799 1687 1035 1767 Corpus
1079 1681 1303 1745 Ofiwini
1332 1682 1409 1743 ab
1455 1685 1560 1757 eis,
1608 1682 1715 1763 qui
1764 1695 2194 1761 truncaqerant,
2242 1682 2509 1748 delatum
2557 1682 2644 1746 est
2670 1685 2749 1753 ad

708 1768 929 1841 ostium
974 1770 1151 1835 Tinae
1181 1772 1286 1833 flu:
1317 1769 1523 1853 ibique
1544 1769 1605 1832 in
1632 1770 1896 1831 oratorio
1945 1773 2006 1831 S.
2043 1772 2247 1832 Mariae
2276 1767 2596 1852 sepulturae
2629 1788 2751 1836 tra·

701 1856 922 1923 ditum.
1006 1864 1074 1922 In
1104 1881 1232 1943 quo
1254 1860 1387 1920 loco
1407 1860 1678 1920 virorum
1707 1857 2028 1920 illustrium
2052 1878 2213 1940 mag:
2242 1858 2570 1921 multitudo
2599 1882 2743 1923 con-

699 1963 944 2030 gregata
964 1958 1111 2022 erat,
1160 1945 1269 2030 qui
1299 1941 1407 2009 sub
1436 1946 1649 2009 ordine
1679 1946 1937 2030 regulari
1959 1943 2161 2007 divino
2179 1946 2367 2008 cultui
2390 1944 2750 2016 serviebant..

697 2034 828 2119 Qi
856 2035 1104 2117 quidem
1133 2033 1195 2097 in
1227 2050 1447 2095 tantam
1477 2048 1816 2096 excreverat
1859 2033 2098 2098 honoris
2147 2035 2544 2112 eminentiam,
2591 2052 2666 2098 ut
2694 2037 2737 2099 fi

697 2122 834 2203 quis
863 2144 966 2204 per
995 2120 1146 2185 infra
1166 2124 1465 2203 jacentem
1487 2121 1744 2205 provint:
1764 2123 1826 2183 in
1845 2119 1967 2182 fata
1986 2118 2354 2197 conceffisset,
2386 2123 2460 2184 ad
2480 2124 2736 2187 eundem

696 2208 897 2272 locum
929 2232 1038 2294 pro
1075 2225 1362 2273 reverent:
1415 2209 1474 2272 ἃ
1518 2211 1745 2273 honore
1782 2205 2063 2292 religiosae
2109 2209 2299 2292 gentis
2346 2210 2734 2276 tumulandus

692 2294 1042 2379 deferretur.

785 2388 1068 2470 Hynguar
1095 2386 1152 2450 δε
1181 2384 1404 2450 Hubba
1432 2383 1548 2448 hoc
1583 2382 1894 2448 monaster:
1925 2383 2360 2448 destruxerunt.
2450 2388 2732 2453 Monachi

685 2488 859 2536 metu
906 2474 1191 2556 persecut:
1236 2472 1530 2556 fugerunt
1576 2475 1652 2546 ad
1702 2473 2006 2556 quandam
2052 2473 2416 2535 ecclesiolam
2445 2476 2505 2536 in
2537 2473 2731 2548 fundo

686 2557 813 2635 suo,
847 2584 1036 2644 quam
1059 2567 1121 2628 S.
1142 2560 1547 2624 Cuthebertus
1581 2561 1968 2624 dedicaverat.
2039 2565 2181 2649 Qo
2209 2577 2533 2644 compert0‚
2568 2564 2728 2628 Dani

688 2644 874 2729 ipsam
904 2649 1047 2714 eccl:
1089 2650 1147 2712 &
1175 2670 1382 2711 omnes
1423 2652 1532 2730 qui
1582 2647 1642 2713 in
1672 2670 1739 2711 ea
1789 2663 1978 2721 erant,
2027 2648 2144 2730 igni
2178 2645 2628 2725 succenderunt,
2672 2653 2728 2715 &

688 2756 869 2800 omne
898 2736 1013 2799 loci
1044 2736 1259 2800 nobilis
1288 2736 1610 2801 aedificium
1643 2740 1701 2818 in
1732 2737 1921 2817 campi
1951 2735 2252 2817 planitiem
2282 2736 2655 2820 redegerunt.

768 2827 831 2887 S.
864 2825 1130 2886 Aidanus
1169 2821 1472 2906 episcopus
1524 2845 1643 2886 non
1676 2824 1806 2907 plus
1835 2844 2022 2905 quam
2071 2824 2395 2885 duodecim
2440 2827 2562 2887 dies
2593 2826 2722 2909 post

677 2910 1036 2992 occifienem
1080 2915 1230 2995 regis
1282 2907 1531 2983 oswini,
1600 2933 1786 2995 quem
1822 2911 2077 2987 amabat,
2149 2909 2456 2993 superfuit,
2510 2914 2574 2976 id
2615 2914 2718 2994 est,

676 2999 832 3083 prid:
865 3001 995 3064 Cal:
1027 3000 1362 3086 Septembr:
1398 3000 1474 3062 de
1503 2996 1698 3065 seculo
1727 2995 2013 3062 sublatus.

1112 3160 1211 3217 Ex
1242 3121 1423 3216 libello*
1443 3152 1511 3215 de
1541 3155 1919 3241 trarssatione
1947 3156 2007 3214 S.
2035 3155 2268 3235 Oswini.

759 3275 998 3341 Ostium
1029 3276 1209 3341 Tinae
1244 3277 1346 3340 flu:
1403 3277 1567 3340 locus
1615 3277 1691 3340 ab
1727 3276 1936 3339 incolis
1983 3278 2239 3359 regionis
2290 3276 2372 3339 ob
2402 3275 2712 3341 eminentis

620 3433 635 3446 „
670 3366 838 3448 rupis
866 3361 1238 3427 securitatem
1264 3365 1339 3428 ab
1370 3363 1634 3449 hostibus
1661 3365 1951 3427 celebrius
1975 3364 2404 3446 frequentatuS.

671 3467 675 3473 ·
757 3452 954 3530 Jacuit
985 3452 1133 3534 pene
1184 3449 1523 3536 neglectum
1562 3472 1777 3535 corpus
1800 3450 2025 3514 Oswini
2054 3456 2208 3535 regis
2239 3450 2427 3535 usque
2453 3450 2528 3513 ad
2560 3465 2711 3516 tem·

664 3558 817 3625 pora
847 3538 1044 3604 Tostii
1074 3538 1331 3614 comiti3‚
1375 3540 1434 3601 &
1460 3536 1753 3622 Egelwini
1781 3536 2055 3621 episcopi.

755 3630 899 3691 Erat
927 3642 1124 3690 autem
1179 3632 1240 3691 T
1246 3626 1426 3689 ostius
1477 3626 1649 3689 ducis
1697 3627 1924 3689 Cantiae
1970 3626 2258 3689 Godwini
2300 3627 2461 3688 filius
2510 3643 2708 3690 comes

632 3711 1180 3800 ANorthanhumbr:
1233 3713 1519 3793 Sywardo
1563 3714 1770 3776 comiti
1820 3711 2148 3789 succedenS,
2219 3735 2336 3777 non
2377 3712 2707 3778 testamenti

657 3799 946 3870 beneficio
968 3800 1068 3867 sed
1100 3805 1163 3865 S.
1197 3801 1475 3866 Edwardi
1506 3805 1658 3885 regis
1688 3803 1873 3867 dono·
1980 3867 1998 3894 Ι

1631 3943 1634 3950 ,
2004 3910 2056 3956 ad
2214 3903 2258 3956 οο

745 3970 1026 4038 Oswinus
1046 3985 1270 4059 martyr
1308 3978 1586 4060 apparuit
1622 3978 1689 4040 in
1716 3972 1932 4040 somnis
1959 3909 2422 4042 {difflgdveoeris
2453 3973 2600 4046 eccl:
2637 3981 2702 4043 S.

650 4060 865 4127 Mariae
892 4062 969 4125 de
1001 4064 1365 4128 Tinemuth.
1613 4141 1616 4144 Ι

736 4147 1013 4231 juditha,
1057 4170 1216 4215 uxor
1240 4150 1440 4216 Tostii
1462 4149 1723 4231 comitiS,
1769 4148 2404 4242 persuafit'EgelwinO,
2435 4165 2508 4215 ut
2528 4172 2701 4235 quae-

639 4252 806 4307 reret
831 4235 1057 4307 Oswini
1085 4237 1329 4327 corpus.
1911 4267 1914 4274 ·

1276 4363 1309 4398 a
1340 4346 1402 4402 F.
1422 4346 1770 4417 dominumque
1789 4348 1945 4402 suum.
2418 4325 2698 4393 Inventio
