2963 4856
463 174 1133 262 ANTIQUARII
1204 171 2032 243 COLLECTANEA.

779 309 851 372 In
893 303 1247 381 Bibliotheca
1277 303 1705 390 Bernwellenfi.

311 413 607 478 Chronica
619 414 898 496 Hugonis
917 411 994 475 de
1014 400 1399 489 S.Vistore.]'
1417 410 1527 473 Fili
1525 413 1826 494 sapientia
1848 411 2150 496 thefizurus
2170 420 2270 499 ‘st-

311 500 594 588 Epistol-x,
623 500 980 584 Symmachi.

1073 601 1291 653 Necham

307 671 680 734 Prometicus
702 669 1029 734 Alexandri
1057 673 1333 756 Nequam
1354 669 1612 735 carmine
1652 666 1825 754 prosa
1864 671 2260 755 intermixta]

221 761 556 841 Spontesua
576 763 784 842 genius
803 763 1005 843 pater.

307 847 510 910 Helias
558 847 795 909 Rubins
826 843 1312 930 Tripelaunenfis
1362 863 1569 911 contra
1608 846 1842 910 inanem
1869 848 2259 917 nobilitatem.

304 933 584 1017 Epistolae
619 934 792 998 variae
814 933 1158 998 caffiodori.

305 1024 646 1085 Chronicon
679 1020 712 1082 a
741 1024 902 1087 Nino
949 1022 1026 1083 ad
1069 1017 1377 1096 Caesarem,
1445 1021 1503 1084 &
1538 1017 1572 1080 ὲ
1615 1018 1837 1085 Caesare
1886 1021 1969 1101 ad
1995 1023 2262 1091 Ludovi-

213 1131 377 1182 cum,
423 1109 634 1172 Caroli·
656 1111 859 1193 Magni
890 1107 1141 1187 filium·.]
1195 1108 1546 1194 Affyriorum
1567 1110 1757 1194 igitur
1772 1132 1907 1176 rex.

304 1197 668 1274 chronicon,
735 1198 907 1278 cujus
951 1198 1240 1282 prologus
1268 1196 1348 1260 fic
1375 1199 1639 1282 incipit,]
1691 1201 1924 1263 Annum
1949 1199 2027 1262 ab
2069 1223 2139 1265 ea
2165 1199 2256 1267 die
2389 1222 2390 1227 ¹

215 1307 331 1370 qua
365 1289 608 1350 Petrus.

298 1426 558 1497 Granni,
590 1421 764 1507 vulgo
791 1421 1108 1523 Cqmbrige,
1153 1418 1193 1484 ἃ
1220 1425 1474 1497 Granta,
1488 1423 1686 1510 fluvio
1697 1422 2167 1503 preterlabente,

362 1508 458 1593 stc
483 1510 659 1584 dieta,
692 1512 996 1594 crevitque
1027 1512 1121 1590 (ut
1143 1532 1246 1595 ego
1265 1511 1555 1593 arbitror)
1584 1533 1664 1573 ex
1687 1513 1876 1575 ruinis
1896 1516 2167 1577 Grantae-

382 1599 622 1680 cqstriae,
667 1601 801 1662 urb‘
765 1621 828 1662 ts
851 1599 978 1660 olim
1005 1596 1354 1680 nobilifflmae.

763 1712 835 1773 In
865 1711 1190 1775 bibliotheca
1203 1709 1433 1792 publica
1454 1708 1683 1792 majori.

295 1816 692 1882 Colleffiones
722 1816 1053 1881 Wallenfis.
1060 1821 1093 1894 ]
1141 1821 1278 1880 Cum
1305 1818 1636 1882 collecftionis
1663 1817 1855 1899 hujus.

226 1917 230 1919 ‘
291 1906 736 1970 Hildebrandus
763 1903 935 1989 super
973 1908 1293 1991 evangelia,
1339 1907 1445 1990 qui
1475 1905 1673 1989 postea
1711 1906 2043 1990 Gregorius
2069 1901 2247 1991 septi-

212 2014 342 2058 mus
365 1994 564 2057 dietus
600 1991 737 2057 fuit.

290 2082 566 2147 Nicolaus
599 2084 814 2146 Trivet
841 2080 1012 2165 super
1029 2080 1326 2145 Genesim.
1411 2105 1417 2118 ¹

294 2169 719 2233 Distinfflbnes
760 2171 1119 2254 ,theologicae
1178 2169 1489 2246 Gulielmi,
1535 2168 1957 2232 Lincolnienfis
1990 2169 2245 2233 ecclefiae
2279 2224 2282 2229 .

205 2258 593 2335 cancellarii]
644 2261 834 2322 Arcus
850 2257 1071 2322 dicitur
1099 2259 1371 2336 Christus.

289 2346 600 2427 Expofitio
645 2347 877 2409 Nicolai
921 2348 1136 2410 Trivet
1187 2343 1360 2427 super
1410 2344 1595 2410 libros
1639 2345 1830 2409 Bo'e'tii
1873 2345 1947 2410 de
1973 2342 2239 2410 consola-

207 2434 422 2511 tione.]
473 2434 830 2515 Explanatio
857 2435 1128 2499 librorum
1160 2437 1352 2496 Bo’e'tii
1383 2436 1495 2500 ἐπ’.
1801 2466 1805 2471 ·

283 2524 536 2587 Boetius
567 2524 643 2585 de
673 2520 1081 2598 consolatione,
1127 2522 1402 2605 Anglice.

740 2632 808 2694 In
841 2632 1166 2696 bibliotheca
1193 2629 1708 2716 Augzstinenstum.

283 2734 557 2793 Hockam
585 2728 759 2814 super
788 2732 1247 2815 Porphyrium]
1295 2736 1582 2812 ‚Quoniam
1610 2757 1766 2797 omne
1786 2738 2049 2815 operans.

284 2822 562 2896 JoanneS,
615 2823 921 2903 Capgrave
949 2817 1655 2903 f01·1an,Augustinenss
1695 2822 1896 2899 frater,
1939 2824 1997 2886 ἂ
2022 2821 2236 2886 ὀοξὶοι·

200 2904 384 2974 theol:
418 2906 592 2990 super
610 2907 909 2983 Genefim,
934 2908 1160 2990 justum
1188 2910 1468 2971 volumen
1484 2909 1560 2970 ad
1592 2909 1996 2973 Humfredum
2018 2913 2235 2975 ducem

196 2993 557 3060 Glocestriae.
566 2998 596 3073 ]
635 2995 894 3060 Arduum
923 3019 1164 3082 namque
1193 2997 1451 3079 &supra
1481 3000 1665 3063 vires.
1742 2999 2031 3080 Leyland.
2089 3004 2235 3062 Erat

195 3080 290 3145 hic
317 3103 443 3146 non
472 3081 780 3147 infeliciter
808 3079 1100 3168 eruditus,
1715 3127 1724 3135 ·

282 3174 531 3234 Corona
548 3172 789 3248 Joannis
824 3172 1119 3256 Capgravi
1151 3170 1469 3252 (duojusta
1494 3169 1835 3255 volumina)
1874 3171 2070 3236 fratris
2102 3175 2233 3235 Au-

193 3256 542 3339 gustinenfis
571 3258 643 3322 de
672 3261 834 3325 Lino
859 3260 1219 3347 Norvolgiae,
1250 3257 1423 3344 super
1446 3261 1631 3323 libros
1656 3282 1886 3345 regum.
1891 3265 1926 3340 ]
1976 3262 2191 3342 Qeod
2167 3285 2233 3325 m

182 3368 505 3430 regnorum
533 3347 727 3413 libros.

277 3438 526 3497 Summa
561 3437 861 3499 Guliermi
885 3438 1113 3501 Ockam
1135 3435 1209 3500 de
1229 3436 1459 3522 Logica
1489 3436 1566 3499 ad
1588 3435 1950 3516 Adamum.]
2022 3441 2229 3503 Omnes

191 3521 408 3605 Logicae
437 3531 810 3589 traftatores.
1175 3561 1187 3568 -

276 3610 441 3672 Idem
472 3612 546 3674 de
564 3610 971 3675 invifibssibuS.

271 3698 446 3764 Idem
477 3698 552 3763 de
585 3703 914 3781 quantitate
942 3702 1208 3784 corporis
1238 3700 1480 3766 Christi.

271 3786 445 3849 Idem
477 3786 553 3849 de
576 3787 1088 3870 praedestinatione
1117 3787 1475 3853 san&orum.

271 3873 584 3957 Radulphi
647 3876 923 3938 monachi
972 3877 1028 3939 &
1086 3875 1521 3957 eleemosynarii
1586 3873 2228 3941 westmonasteriensis
2325 3871 2327 3875 '

182 3962 416 4042 omellae
444 3964 662 4047 viginti
684 3965 761 4026 ad
786 3968 1200 4043 Laurentium,
1247 3965 1530 4030 abbatem
1545 3964 1803 4047 ejusdem
1832 3966 2007 4043 loci]
2056 3970 2228 4030 Ncm-

181 4048 324 4132 quid
336 4052 525 4133 capies
550 4052 885 4116 Leviathan
913 4051 1097 4116 hamo,

574 4175 579 4180 ·
707 4161 776 4222 [η
799 4161 1126 4225 bibliotheca
1158 4165 1678 4228 Dominicanorum.

265 4264 351 4343 Fy
355 4267 530 4326 zaker
554 4261 724 4347 super
744 4280 845 4341 40¹
860 4267 1081 4334 .libros
1102 4266 1540 4344 sententiarum,
1558 4268 1680 4332 duo
1692 4264 1850 4353 justa
1872 4267 2189 4333 volumina.
2193 4271 2229 4346 ]

180 4350 229 4415 0
253 4352 503 4422 altitudo
530 4351 905 4419 divitiarum.
1974 4362 2228 4439 Barpto·

2398 196 2526 275 ηις,

2279 4189 2394 4257 Pag:
2423 4204 2443 4237 ε
2457 4201 2505 4250 3:
