2963 4856
400 156 1098 269 ANTIQUARII
1183 182 2037 256 COLLECTANEA.
2319 193 2522 280 ,349
2625 228 2632 235 .

1106 313 1338 407 Letleyb

271 410 610 491 Rhetorica
642 421 967 488 Ciceronis.
2441 488 2446 497 Ι

593 529 786 593 Bellus
814 527 984 601 locus,
1027 521 1345 627 fundatore
1376 524 1609 607 Joanne
1635 545 1794 614 rege.
2273 551 2391 621 Pag
2412 573 2442 609 2
2447 571 2475 616 5
2478 574 2513 617 ⁴
2517 570 2538 610 ὅ

276 638 586 704 Edmerus
642 638 969 705 monachus
1031 634 1108 699 de
1159 634 1283 698 vita
1335 631 1594 700 Anselmi
1642 639 1819 702 Cant.
1873 633 1953 700 fic
1998 632 2255 721 incipit:

195 728 546 790 ‘Instituta
567 730 724 793 vitae.
729 728 767 756 ’'
843 725 1034 789 Erat
1021 745 1081 785 ιη
1110 723 1326 786 eodem
1353 722 1512 786 libro
1533 722 1954 788 vitaWilfridi
1971 723 2252 815 episcopi,

159 813 405 890 nesciQ
431 836 506 878 an
523 816 598 878 ab
627 814 844 881 eodem
871 827 1080 879 autore
1102 811 1285 875 edita.
1376 813 1474 875 Sic
1503 809 1758 897 incipit·
1793 810 2082 882 “Aan
2067 814 2254 904 igitur

157 905 265 969 ab
299 902 768 975 incarnatione?
1319 927 1326 935 ·

272 992 617 1073 Stephanus
647 991 820 1073 {uper
850 984 1345 1051 Ecclefiasticum.

273 1082 620 1162 Stephanus
652 1075 824 1160 super
850 1077 1034 1138 libros
1066 1095 1296 1159 regum.

269 1169 614 1250 Stephanus
636 1162 810 1249 super
836 1162 1144 1248 parabolas
1175 1161 1538 1229 Salomonis,

148 1255 159 1261 ’
264 1258 527 1337 Joannes
556 1254 738 1317 abbas
768 1253 844 1315 de
874 1251 1067 1314 Forda
1091 1249 1262 1333 super
1290 1253 1517 1313 cantica
1537 1252 1714 1314 Cant:

275 1339 682 1406 Damascenus
706 1341 781 1403 de
804 1338 979 1424 gestis
1000 1338 1263 1406 Barlaam
1292 1338 1350 1402 δε
1376 1336 1683 1423 Josaphat.

162 1441 174 1451 ‘
270 1430 549 1493 Libellus
579 1430 835 1491 Candidi
865 1425 1126 1505 Arriani.

164 1532 175 1537 '
271 1518 548 1580 Libellus
579 1514 873 1579 Victorini
904 1517 1158 1579 rhetoris
1184 1528 1390 1577 contra
1404 1511 1769 1581 Candidum,

265 1607 424 1669 Tres
475 1604 618 1669 libri
667 1603 980 1668 Claudiani
1023 1602 1100 1667 de
1142 1599 1297 1665 statu
1334 1600 1547 1665 animae
1588 1602 1668 1671 ad
1695 1601 2018 1671 Sidonium
2043 1604 2231 1692 Apol-
2283 1590 2293 1617 χ

164 1692 457 1762 lium-em.
504 1717 511 1723 ·

263 1782 641 1845 Gissebertus
668 1777 842 1864 super
868 1776 1141 1861 epistolas
1168 1776 1360 1842 Pauli.

262 1926 581 1991 Marmor
567 1948 629 1991 ln
660 1926 900 1992 ecclefia
926 1926 1002 1989 ab
1026 1925 1335 1988 homicida
1365 1924 1751 1988 vulneratum
1772 1924 1956 1991 ferre.

274 2030 385 2080 Eliz
389 2031 527 2079 abeth

256 2100 459 2162 Prima
486 2118 641 2161 uxor
680 2096 986 2175 Richardi,
1020 2095 1189 2160 ducis
1234 2096 1561 2163 Cornubiae
1590 2095 1649 2159 &
1689 2096 2088 2180 imperatoris,
2134 2096 2219 2175 se·⁴

167 2185 395 2277 pulta
379 2209 440 2249 m
464 2187 672 2252 choro,
724 2210 727 2213 ·

262 2278 388 2338 Cor
416 2273 658 2339 Ricardi
689 2272 918 2337 ibidem
946 2269 1237 2356 sepultum
1267 2293 1583 2341 marmore.

745 2361 879 2424 Chr
860 2363 981 2444 stes
1015 2361 1258 2445 chyrche
1287 2360 1632 2445 Twynham.

310 2466 365 2514 te
411 2437 604 2515 hanus
634 2472 741 2514 rex
768 2450 1028 2536 permifit
1051 2448 1351 2517 canonicis
1380 2450 1584 2536 regula
1588 2448 1774 2530 ribus,
1817 2463 1888 2518 ut
1916 2451 1978 2516 in
2013 2450 2226 2524 locum

156 2454 588 2624 irrg’gufarium
616 2535 1012 2603 succederent.

257 2630 454 2711 Leges
485 2626 718 2710 aliquot
746 2648 955 2710 regum
985 2624 1298 2690 Saxonice.

253 2715 560 2782 Exitera
587 2723 750 2799 parte
780 2720 992 2783 Avona
1022 2713 1265 2776 defluit
1252 2737 1315 2777 m
1337 2735 1523 2790 mare,
1568 2734 1649 2782 ex
1669 2713 1849 2777 altera
1879 2716 2096 2782 Stowr.

994 2803 1382 2884 Twynburne.

253 2891 512 2953 Manent
525 2910 910 2957 murororum
932 2888 1196 2972 vestigia,
1209 2892 1267 2953 &
1283 2906 1544 2975 quatuor
1558 2887 1762 2954 sacena
1774 2889 2045 2975 reliquiae
2061 2912 2209 2977 qua

157 2993 305 3041 tuor
335 2975 711 3041 ecclesiarum
736 2977 1185 3060 parochialium.

252 3070 456 3128 Burne
471 3087 546 3127 ex
574 3067 751 3129 altera
781 3081 944 3147 parte
974 3066 1430 3149 praeterlabitur,
1479 3085 1557 3127 ex
1585 3063 1768 3128 altera
1800 3029 2052 3145 Stowre‚
2099 3067 2212 3151 qui

156 3150 270 3218 flu:
304 3152 502 3216 fontes
532 3154 804 3237 capitales
836 3153 1015 3216 habet
1037 3174 1156 3217 non
1193 3152 1454 3237 procul
1427 3175 1461 3216 a
1485 3157 1684 3222 Stowr
1715 3167 1932 3219 towne.
2223 3154 2234 3160 '

252 3244 634 3324 Cuthburga,
682 3240 802 3303 filia
830 3242 1112 3316 Kenredi,
1161 3239 1386 3325 sepulta
1415 3240 1576 3323 apud
1609 3242 2028 3325 Twynburne.

246 3328 630 3398 Athelstanus
655 3349 760 3391 rex
780 3327 1050 3392 ibidem
1035 3350 1092 3391 m
1117 3333 1334 3412 cryptis
1359 3326 1647 3410 sepultus.

249 3416 377 3480 Ubi
409 3438 569 3487 nunc
598 3415 682 3502 est
734 3417 956 3488 domus
1008 3420 1236 3482 Decani
1281 3417 1428 3481 olim
1475 3414 1593 3479 fuit
1620 3411 2042 3538 monasterium
2087 3420 2207 3482 Ve
2219 3486 2230 3496 ‚

152 3501 435 3574 stalium.
1701 3539 1704 3542 ·

969 3593 1372 3678 Abbatesbyri.
1419 3597 1423 3601 ’

228 3683 469 3759 Orkus,
516 3702 868 3748 oeconomus
909 3683 1130 3744 Canuti
1169 3684 1343 3766 regis,
1389 3680 1648 3765 expulsis
1692 3680 1991 3749 canonicis
2041 3678 2206 3767 secug

155 3768 406 3846 laribus,
471 3769 808 3839 introduxit
869 3769 1217 3834 monachos.
1321 3769 1601 3852 Sepultus
1652 3768 1736 3832 est
1792 3769 2014 3833 ibidem
2060 3791 2205 3844 cum

154 3860 223 3922 T
226 3856 368 3919 hola
396 3860 672 3941 conjuge,

242 3943 582 4013 Paschasius
610 3945 950 4009 Radbertus
979 3941 1159 4029 super
1182 3942 1636 4016 lamentationes
1666 3933 2012 4016 Hieremiae.

244 4033 585 4115 Stephanus
609 4032 1044 4106 Cantuaricnfis
1074 4031 1247 4116 super
1278 4030 1529 4106 Esaiam.
1606 4096 1611 4102 ,

240 4121 566 4204 smaragdi
597 4121 917 4185 diadema.

240 4209 386 4274 Pars
417 4210 626 4272 veteris
659 4207 982 4272 testamenti
1018 4209 1324 4274 Saxonice.
1354 4259 1357 4262 .
2258 4224 2369 4292 Pag.
2395 4240 2509 4296 ²55¹·

240 4295 500 4371 Albinus
531 4297 607 4368 dc
639 4299 941 4369 Trinitate
960 4293 1344 4371 adiendum
1368 4301 1694 4388 Magnum,
1734 4290 1740 4300 ’
1915 4358 1919 4363 .
1954 4365 2012 4452 Ρ,
2073 4378 2106 4446 s
2151 4311 2160 4318 “
2488 4293 2491 4297 “

262 4415 267 4422 ’
500 4442 513 4452 ,
742 4443 753 4450 ,
1549 4423 1583 4435 υ
1795 4425 1800 4429 >
2002 4402 2071 4452 ro
2094 4402 2206 4472 per
