2963 4856
419 187 1083 281 ANTIQUARII
1155 187 1990 258 COLLECTANEA:
2380 191 2475 277 ξας

276 328 599 392 Τταξὶειωε
648 326 759 393 MR
811 332 910 408 Jo:
957 327 1032 390 de
1055 326 1394 390 Asshinden
1439 328 1516 390 de
1555 327 1979 407 conjunctione
2014 327 2226 388 Martis

194 416 250 480 &
277 415 508 480 Saturni
546 422 609 478 in
649 421 881 479 Cancro
909 416 965 479 &
995 417 1095 480 de,
1122 414 1547 496 conjunctione
1584 417 1823 478 Saturni
1870 415 1931 477 &
1965 416 2127 491 Jovis
2157 414 2226 478 in
2316 483 2321 494 ‚

130 551 137 556 -
198 504 514 588 Scorpione
544 527 688 568 cum
718 503 1152 587 permutatione
1183 502 1566 585 triplicitatis,

276 594 439 675 Opus
468 589 580 656 Μὶ.
612 592 856 670 joannis
889 592 1193 653 Holbroke
1240 594 1302 654 in
1353 590 1704 653 reductione
1746 587 2087 653 tabularum
2118 587 2223 652 Al-

196 680 393 763 phonfi
423 681 499 740 ad
521 702 701 742 annos
730 678 972 753 Christi,
1018 677 1264 751 menseS,
1312 679 1435 741 dies
1463 680 1521 740 &
1549 681 1745 741 horas.
1851 717 1854 720 -

276 772 423 831 Item
449 766 780 834 secundum
823 786 977 849 opus
1031 764 1293 847 ejusdem
1343 766 1408 829 in
1460 764 1887 847 compositione
1931 783 2225 829 novarum

195 854 549 932 tabularum,
597 854 936 919 mediorum
966 871 1289 936 motuum,¹
1312 855 1369 918 ἃ
1391 855 1743 938 aequationis
1771 855 2032 917 dierum.

1119 958 1210 1005 fuit
1235 953 1470 1007 Picardus.

272 1027 544 1089 canones
577 1027 667 1090 M.
710 1025 958 1104 Joannis
1000 1024 1075 1087 de
1117 1025 1386 1106 Lyueriis
1415 1024 1719 1109 completi.

262 1113 660 1177 Arithmetica
683 1117 772 1178 M.
804 1113 1060 1176 Simonis
1089 1114 1352 1176 Bredun.

276 1202 539 1264 Tabulae
566 1200 968 1264 directionum
998 1199 1318 1264 Humfredi
1354 1200 1523 1262 ducis
1554 1195 1962 1263 Gloucestriae.

276 1291 475 1372 Copia¹
506 1290 583 1351 de
617 1286 972 1371 quantitate,
1017 1304 1226 1352 autore
1265 1289 1447 1352 frater
1479 1292 1717 1351 Somor.

275 1378 549 1460 Rogerus
572 1378 815 1439 Bachon
851 1373 1026 1459 super
1058 1376 1287 1439 librum
1334 1374 1656 1438 Avicennae
1684 1375 1758 1438 de
1803 1375 2018 1439 anima.
2071 1376 2225 1458 Sup-

193 1461 305 1547 p1e‚
347 1463 731 1528 metallorum
760 1462 911 1529 liber
939 1463 1311 1530 alchimicus.

1055 1574 1343 1656 Teoforde.
2243 1583 2355 1655 3²²8·
2385 1590 2471 1653 ²33

276 1676 577 1743 Teoford=
619 1699 767 1763 opp:
799 1694 938 1742 ante
965 1678 1120 1743 bella
1150 1677 1374 1743 Danica
1403 1677 1662 1760 positum
1685 1694 1810 1742 erat
1839 1679 1900 1742 in
1931 1677 2228 1744 Sudovol-

192 1767 289 1851 gia
324 1768 407 1829 cis
430 1766 707 1842 fluvium,
752 1768 1170 1850 apparentibus
1193 1772 1373 1830 etiam
1415 1788 1557 1830 num
1583 1792 1600 1827 t
1649 1767 1835 1829 ruinis
1877 1769 1936 1828 8<
1965 1765 2228 1828 ecclesia-

191 1874 333 1918 rum
357 1854 635 1938 vestigiis,
704 1854 1017 1919 Incensum
1060 1876 1200 1919 vero
1244 1853 1360 1917 fuit
1389 1856 1465 1918 ab
1487 1871 1514 1900 α
1535 1852 1799 1917 Hubba'‘
1828 1854 1885 1915 &
1912 1858 2137 1935 Inguar
2164 1855 2228 1917 in

190 1940 403 2005 odium
450 1946 534 2006 D.
569 1941 877 2005 Edmundi
922 1941 1096 2024 regi3‚
1141 1943 1312 2023 cujus
1356 1945 1515 2026 regia
1550 1943 1614 2002 id
1657 1942 1934 2024 temporis
1967 1942 2046 2002 ibi
2076 1955 2225 2013 erat,

192 2029 299 2092 ubi
329 2050 489 2092 nunc
516 2030 705 2091 rnoles
735 2029 950 2093 castelli
979 2030 1081 2095 est.
1150 2034 1294 2092 Erat
1334 2030 1391 2091 &
1429 2028 1781 2092 Teofordiae
1827 2045 2070 2112 propter
2111 2027 2236 2091 loci

192 2116 606 2181 celebritatem
633 2114 793 2179 sedes
822 2114 1161 2200 episcopalis
1191 2115 1297 2180 ubi
1326 2137 1483 2179 nunc
1504 2131 1508 2136 ’
1528 2116 1609 2180 cis
1641 2117 1747 2180 flu:
1793 2121 1874 2181 D.
1901 2115 2107 2180 Mariae
2136 2135 2231 2177 ec·

190 2202 359 2266 clefia
424 2203 531 2278 est,
596 2207 767 2285 cujus
815 2202 1072 2287 superior
1122 2225 1250 2287 pars
1296 2203 1627 2267 admodum
1684 2204 2001 2287 antiquam
2055 2201 2235 2266 refert

187 2289 566 2357 strusturam.
635 2296 820 2356 Erant
872 2293 933 2356 in
978 2294 1087 2355 hac
1115 2292 1353 2356 ecclesia
1379 2292 1670 2366 canonici,
1706 2313 1858 2375 quos
1878 2307 2109 2367 vocant,
2151 2289 2233 2353 se·

189 2378 437 2446 talares,
513 2381 633 2443 Sed
689 2381 1046 2445 Herebertus
1092 2386 1469 2446 Normannus
1522 2378 1719 2443 sedem
1760 2376 2147 2463 episcopalem
2200 2378 2236 2441 a

189 2465 508 2531 Teoforda
554 2466 968 2533 Nord'ovicum
1012 2468 1318 2543 transtulit,
1362 2470 1420 2531 &
1477 2469 1731 2552 Bigotus
1780 2462 2047 2549 tempore
2077 2470 2234 2530 Hen-

190 2554 299 2620 rici
351 2555 536 2640 primi
582 2558 907 2621 monachos
938 2559 998 2621 in
1052 2552 1356 2622 ecclesiam
1406 2557 1742 2619 Marianam
1774 2555 2114 2619 Teofordiae
2143 2555 2235 2617 in-

190 2643 394 2720 duxit,
442 2666 598 2728 quos
625 2644 755 2728 post
777 2646 1123 2709 octennium
1170 2645 1463 2707 aedificato
1509 2644 1725 2730 insigni
1770 2644 2050 2707 coenobio
2083 2659 2239 2705 trans

192 2729 449 2799 fluvium
480 2733 750 2796 evocavit
771 2733 877 2796 ubi
907 2734 1085 2797 hodie
1105 2731 1341 2814 Christo
1371 2731 1653 2796 serviunt.
1719 2734 1820 2794 Ab
1841 2731 1948 2795 illo
1978 2730 2239 2795 decrerit

190 2840 338 2904 opp:
369 2820 457 2883 cis
486 2821 759 2894 fiuvium,
805 2822 863 2883 &
886 2822 1173 2889 transfiu:
1207 2836 1518 2905 coeperunt
1550 2819 1784 2881 strenue
1812 2819 2125 2882 aedificare.

275 2906 397 2971 Hic
417 2907 540 2971 fuit
559 2907 832 2992 BigotuS,
855 2912 1022 2990 cujus
1052 2909 1345 2973 hereditas
1369 2910 1444 2972 ad
1471 2907 1838 2982 Moubraios,
1874 2908 2237 2989 tandemque

154 3042 157 3045 -
187 2992 267 3056 ad
296 2996 620 3058 Houardos
647 2996 930 3079 pervenit,
1442 3048 1451 3057 .

276 3085 509 3146 Extant
544 3084 743 3147 adhuc
777 3083 838 3147 in
869 3081 1142 3147 Mariano
1169 3082 1463 3147 cimiterio
1494 3082 1728 3167 aliquot
1756 3081 2083 3165 sepulchra,
2135 3077 2234 3144 sed

185 3168 474 3247 humilia,
521 3172 723 3254 qualia
750 3188 916 3234 certe·
936 3169 1135 3234 sancta
1162 3171 1263 3234 illa
1296 3169 1606 3254 poscebant
1631 3187 1917 3252 tempora.

276 3261 427 3320 Erat
457 3257 647 3321 etiam
684 3259 1033 3323 coenobium
1056 3259 1490 3341 canonicorum
1520 3250 1887 3333 Teofordiae,
1934 3277 2095 3320 nunc
2134 3256 2233 3321 de-

185 3344 503 3411 molitum.

274 3433 551 3507 FluviuS,
597 3431 707 3517 qui
739 3432 1138 3501 Teofordiam
1168 3435 1617 3517 praeterlabitur‚
1678 3433 1918 3497 duobus
1945 3430 2237 3506 fonti-buS‚

187 3517 292 3584 seu
324 3520 602 3595 brachiis,
651 3521 950 3600 accrescit,
994 3545 1119 3587 uno
1140 3544 1217 3585 ex
1244 3524 1674 3673 Νοτάονοίἕὶα,
1720 3523 1910 3585 altero
1940 3541 2016 3584 ex
2045 3522 2241 3582 Sudo-

187 3609 418 3694 volgia,
472 3611 714 3672 tandem
759 3631 885 3675 uno
929 3614 1116 3686 alveo,
1164 3612 1352 3676 donec
1404 3612 1539 3694 palu
1589 3633 1649 3674 es
1678 3608 2008 3673 Elienfiurn
2034 3607 2242 3691 intret,-

185 3697 299 3761 ubi
334 3694 394 3760 se
442 3697 663 3761 dividit
713 3696 910 3761 rursus
963 3700 1025 3764 in
1056 3702 1181 3762 duo
1207 3701 1469 3775 brachia,
1519 3720 1785 3782 quorum
1836 3699 1952 3761 hoc
1982 3693 2260 3793 Eliensss

187 3784 370 3868 petit,
416 3785 575 3849 illud
601 3807 788 3870 prope
817 3787 1040 3850 Linum
1071 3788 1132 3850 in
1165 3808 1323 3851 mare
1353 3788 1666 3851 evolvitur.

991 3895 1061 3956 In
1088 3892 1438 3958 bibliotheca.

278 3994 453 4057 Beda
481 3993 555 4056 de
587 3971 984 4061 tabernaculo,

279 4083 597 4144 Gilbertus
627 4083 798 4168 super
828 4083 1231 4164 Psalterium]
1282 4084 1529 4167 Christus
1560 4080 1813 4173 integer.
2249 4100 2363 4166 ’ᾖ

281 4163 457 4234 Beda
480 4171 555 4233 de
586 4169 704 4234 fitu
734 4187 897 4236 terrae
918 4171 1146 4243 sanciae.
1217 4234 1230 4255 .-
2202 4177 2206 4180 ⁴

1094 4303 1122 4334 a
1156 4285 1333 4350 Adjeci.

379 4365 574 4430 Tou.
606 4367 718 4428 111.
1331 4369 1394 4430 D
2134 4358 2260 4452 ¹Ex
