2963 4856
478 180 1159 266 ANTIQUARII
1231 176 2047 246 COLL'ECTAN'EA.
2355 183 2364 190 ·
2446 199 2523 262 77

250 336 378 402 ⁷quo
422 319 634 401 regalis
684 320 1312 383 Northanumbrorum
1360 316 1629 402 prosapia
1681 322 1977 404 originem
2006 334 2188 395 tenet,
2234 321 2294 383 &

250 407 575 469 duodecim
602 410 768 469 annis
797 407 1080 491 regnavit.
1174 412 1353 470 Anno
1398 408 1884 490 quingentesimo
1932 407 2291 492 sexagesimo

242 493 474 575 quinto
502 496 799 557 Columba
826 495 1126 577 presbyter
1157 497 1230 558 de
1261 497 1456 558 Scotia
1488 496 1646 557 venit
1678 497 2047 558 Britanniam
2076 496 2150 557 ad
2179 498 2288 558 do·

240 583 469 643 cendos
529 582 744 657 Pietos,
790 584 847 645 &
896 585 957 645 in
1006 580 1192 645 insula
1236 587 1342 661 *Hu
1388 581 1818 645 *monasterium
1853 580 2016 647 fecit.
2109 589 2291 647 Anno

160 746 166 757 .
245 670 730 752 quingentesimo
776 671 1156 754 nonagesimo
1195 669 1358 733 sexto
1405 673 1734 753 Gregorius
1782 691 1931 753 papa
1963 670 2119 733 misit
2158 675 2293 733 Bri·

242 759 518 820 tanniam
549 757 958 841 Augustinum
1008 779 1146 820 cum
1191 760 1493 821 monachis
1542 757 1649 840 qui
1691 760 1942 820 verbum
1991 756 2096 820 dei
2123 758 2290 821 omni

242 845 411 926 gerni
433 847 779 927 Anglorum
808 846 1250 909 annuntiarent.
1337 850 1521 908 Anno
1536 846 2011 927 quingentesimo
2035 866 2289 929 nonage-

240 931 396 995 simo
441 929 694 1012 septimo
724 955 931 996 venere
985 934 1356 1016 Britanniam
1408 930 1641 1015 praefati
1675 934 1969 1007 doctores,
2018 933 2124 1015 qui
2168 933 2289 996 fuit
2390 930 2395 939 ’

241 1038 438 1082 annus
474 1022 606 1102 plus
652 1023 848 1082 minus
895 1043 1191 1084 annorum
1231 1037 1481 1085 centum
1529 1020 1964 1104 quinquaginta
1996 1024 2286 1084 adventus

241 1108 589 1190 Anglorum
617 1107 678 1170 in
723 1108 1151 1174 Britanniam..
1202 1113 1381 1171 Anno
1430 1106 1850 1170 sexcentesimo
1896 1109 2088 1190 primo
2127 1109 2288 1171 misit

241 1215 400 1277 papa
432 1198 756 1278 Gregorius
779 1197 1149 1261 Britanniam
1171 1199 1419 1279 pallium
1442 1194 1778 1280 Augustino
1801 1198 1929 1276 jam
1945 1195 2106 1258 facio
2133 1195 2286 1277 epis-

234 1303 417 1364 cope,
452 1283 509 1345 &
540 1285 733 1364 plures
758 1284 923 1346 verbi
942 1283 1259 1360 ministros,
1306 1285 1364 1347 in
1385 1284 1606 1366 quibus
1628 1284 1685 1346 &
1709 1284 2043 1347 Paulinum.
2103 1288 2283 1345 Anno
2377 1350 2380 1351 γ

236 1366 665 1432 sexcentesimo
698 1373 868 1433 tertio
894 1388 1223 1455 pugnatum
1248 1372 1332 1434 est
1362 1372 1437 1434 ad
1468 1369 1857 1454 Deganstane.
1947 1377 2125 1434 Anno
2156 1369 2282 1434 sex-

238 1457 562 1520 centesimo
601 1474 816 1540 quarto
860 1459 1167 1522 orientales
1208 1465 1463 1523 Saxones
1495 1460 1672 1520 fidem
1704 1457 1922 1521 Christi
1952 1461 2283 1541 percipiunt

234 1543 347 1608 sub
378 1565 520 1627 rege
542 1547 811 1620 Saberto,
838 1547 1089 1610 antistite
1111 1548 1367 1610 Mellito.
1424 1551 1605 1609 Anno
1628 1543 2044 1609 sexcentesimo
2062 1551 2279 1629 quinto

149 1699 152 1704 ,
228 1635 570 1716 Gregorius
602 1654 749 1715 papa
778 1634 952 1697 obiit.
1013 1640 1190 1698 Anno
1217 1634 1634 1698 sexcentesimo
1650 1633 2045 1698 sextodecimo
2070 1635 2276 1696 Ethel-

236 1720 468 1795 bertuS‚
503 1741 603 1783 rex
630 1724 1113 1798 Cantuariorum,
1140 1721 1457 1785 defun&us
1487 1721 1590 1785 est.
1659 1724 1844 1783 Anno
1860 1720 2277 1784 sexcentesimo

231 1808 518 1877 vicesimo
539 1808 754 1891 quinto
770 1810 1053 1873 Paulinus
1076 1811 1110 1872 a
1132 1811 1300 1889 Justo
1327 1808 1765 1891 archiepiscopo
1780 1810 1884 1871 ord
1895 1809 2086 1872 inatur
2109 1809 2275 1893 genti

230 1897 863 1959 Northanumbrorum
894 1897 1147 1962 antistes.
1207 1903 1386 1961 Anno
1410 1896 1826 1960 sexcentesimo
1858 1916 2065 1961 xxvr.
2113 1900 2269 1959 Ean-
2316 1925 2556 1976 xxm„

233 1983 411 2058 fleda,
444 1983 567 2046 filia
593 1985 865 2048 Eadwini
893 1986 1069 2068 regiS,
1104 1987 1407 2068 baptizata
1429 1985 1512 2049 est
1540 2006 1676 2046 cum
1701 1984 2017 2048 duodecim
2037 1986 2101 2048 in
2121 1984 2269 2048 sesto

230 2071 665 2136 PenthecosteS.
752 2075 930 2135 Anno
969 2073 1386 2137 sexcentesimo
1429 2072 1702 2135 vicesimo
1751 2071 2003 2154 septimo
2032 2073 2267 2135 Eadwi·
2290 2095 2380 2159 εξ),

224 2179 352 2221 nus
383 2178 490 2221 rex
516 2159 849 2242 baptizatus
893 2160 976 2224 est
1004 2182 1142 2224 cum
1184 2160 1284 2224 sua
1307 2177 1484 2244 gente
1513 2161 1576 2225 in
1606 2159 1843 2222 Pascha.
1934 2165 2114 2223 Anno
2141 2157 2266 2223 sex-

229 2246 554 2311 centesimo
579 2263 883 2312 xxx1110.
945 2249 1234 2311 Eadwino
1263 2269 1400 2330 rege
1430 2264 1776 2330 perempto,
1809 2248 2093 2311 Paulinus
2111 2251 2270 2312 Can—

230 2334 385 2397 tiam
407 2334 598 2398 rediit.
642 2339 823 2398 Anno
842 2333 1254 2399 sexcentesimo
1283 2334 1736 2419 quadragesimo
1763 2337 2127 2409 Eadbaldus,
2162 2356 2268 2400 rex

216 2422 716 2499 ‘Cantuariorum‚
760 2423 931 2487 obiit.
1024 2428 1202 2487 Anno
1236 2423 1650 2487 sexcentesnno
1675 2423 2143 2508 Yquadragefimo
2182 2422 2264 2487 se—

227 2512 436 2572 cundo
457 2510 768 2575 Oswaldus
793 2533 897 2576 rex
927 2510 1148 2575 occisus
1177 2513 1277 2575 est.
1368 2516 1548 2574 Anno
1574 2508 1997 2574 sexcentesimo
2019 2532 2263 2577 XL1111.

225 2597 517 2661 Paulinus
557 2600 867 2680 quondam
910 2601 1185 2677 Eboraci,
1253 2598 1351 2662 sed
1380 2620 1544 2662 nunc
1574 2598 1842 2664 Rofenfis
1888 2599 2123 2662 antistes
2154 2599 2264 2662 mi-

224 2688 420 2771 gravit
447 2686 522 2753 ad
551 2689 889 2752 dominum.

897 2809 1042 2893 Pag.
1076 2811 1180 2884 82,
1216 2811 1321 2891 83.
1348 2761 1614 2872 vacant.—

836 2921 1154 3003 Epilogium
1180 2918 1248 2981 de
1272 2923 1427 2982 obitu
1457 2919 1641 2983 Bedae.
2281 2948 2390 3015 Pag.
2417 2956 2496 3012 84.

206 3067 215 3074 .
312 3019 706 3100 Duefiiffimo
743 3021 808 3085 in
837 3021 1075 3085 Christo
1103 3023 1310 3085 Ιεξὶοτὶ
1336 3020 1698 3085 Cuthuuino
1717 3017 2084 3081 Cuthbertus
2113 3038 2253 3082 con,-
2278 3020 2369 3082 ‘a

206 3103 552 3191 discipulus
578 3109 641 3172 in
671 3110 785 3171 deo
805 3127 1087 3173 aeternam
1116 3108 1378 3175 salutem.
1468 3105 1918 3181 Munusculum,
1950 3107 2119 3189 quod
2141 3104 2252 3168 mi-
2274 3095 2558 3210 dC.¹}‘3¹W{¹²¹²⁵

220 3193 366 3271 fisti,
411 3197 674 3260 multum
724 3200 974 3261 libenter
1030 3196 1270 3281 suscepi,
1320 3198 1705 3278 multumque
1733 3212 2032 3277 gratanter
2060 3193 2254 3256 literas
2275 3175 2449 3277 32:1³2?
2471 3180 2526 3213 ¹²⁵

204 3298 346 3343 =tuae
374 3284 604 3346 devotae
652 3286 997 3349 eruditionis
1051 3287 1186 3369 legi,
1231 3286 1299 3348 in
1328 3284 1574 3368 quibu5‚
1621 3284 1788 3366 quod
1817 3283 2080 3346 maxime
2108 3281 2256 3345 defi-

221 3370 526 3446 derabam,
595 3375 784 3435 missas
832 3374 1104 3437 videlicet
1153 3375 1209 3436 ὅτ
1248 3377 1542 3436 orationes
1571 3370 1952 3435 sacrosanfias
2005 3391 2115 3452 pro
2145 3370 2258 3431 deo

158 3520 167 3524 -
202 3457 453 3521 -dilecto
500 3455 667 3542 pati-e
701 3483 770 3524 ac
811 3461 1014 3525 nostro
1056 3460 1333 3545 magistro
1364 3462 1540 3526 ‘Beda
1569 3460 1614 3522 ἐν
1632 3462 1796 3522 vobis
1827 3460 2134 3541 diligenter
2161 3478 2254 3520 ce·

217 3544 437 3608 lebrari
488 3550 734 3631 repperi.
847 3551 1022 3612 Unde
1083 3550 1335 3611 delecstat
1383 3550 1567 3631 magis
1627 3569 1734 3629 pro
1789 3548 1912 3625 ejus
1970 3545 2257 3608 charitate

221 3635 544 3716 (quantum
583 3634 746 3698 fruor
777 3637 1042 3720 ingenio)
1095 3636 1294 3719 paucis
1327 3634 1694 3699 sermonibus
1740 3634 1953 3708 dicere,
2001 3655 2127 3715 quo
2156 3655 2255 3695 or-

217 3722 361 3783 dine
388 3724 669 3805 migravit
696 3722 730 3785 ὲ
759 3722 973 3800 secum,
1018 3746 1164 3788 cum
1190 3724 1366 3790 etiam
1399 3726 1514 3786 hoc
1567 3741 1623 3784 te
1653 3721 1992 3784 desiderasse
2035 3722 2091 3782 &
2123 3719 2251 3802 pos-

211 3827 355 3871 cere·
375 3809 662 3874 intellexi.
752 3812 1324 3894 Gravatusquidem
1352 3811 1434 3874 est
1464 3811 1806 3876 infirmitate
1836 3812 2095 3871 maxime
2124 3828 2247 3870 cre⁴

212 3895 454 3959 beri-imi
497 3900 812 3974 anhelitus,
859 3899 977 3964 fine
1022 3901 1225 3962 dolore
1258 3917 1476 3973 tamen,
1525 3897 1844 3960 antediem
1887 3895 2249 3958 resurrreffi-

211 3984 347 4047 onis
399 3985 735 4062 dominicae,
782 3990 843 4050 id
890 3988 993 4060 est,
1047 3987 1169 4050 fere
1214 3989 1448 4054 duabus
1503 3986 2018 4056 hebdomadibus3
2086 3984 2144 4045 δε
2173 3984 2251 4045 fic

208 4071 413 4154 postea
442 4074 610 4147 laems
641 4078 698 4136 &
747 4075 1033 4157 gaudens,
1079 4074 1413 4157 gratiasque
1461 4094 1642 4155 agens
1694 4073 2108 4154 omnipotentis
2134 4072 2250 4146 deo

204 4162 374 4222 omni
407 4160 504 4222 die
530 4160 588 4222 ὅ(
620 4162 811 4238 ηοξὶε,
859 4163 1051 4225 immo
1083 4164 1182 4228 hor
1195 4163 1243 4225 is
1271 4163 1553 4223 omnibus
1579 4159 1760 4244 usque
1785 4161 1856 4224 ad
1879 4159 2039 4222 diem
2061 4157 2250 4220 ascen·

203 4247 386 4312 tionis
430 4249 763 4327 dominicae,
814 4249 877 4314 id
926 4249 1006 4310 est
1053 4259 1203 4314 vn0.
1251 4249 1378 4313 Cal.
1408 4248 1597 4327 Junii,
1643 4252 1829 4310 vitam
1873 4246 2252 4396 ducebanb&

942 4358 985 4415 4
2075 4351 2157 4395 no
2201 4354 2250 4393 is
